2466 3370
1224 116 1248 155 8

244 224 408 266 Scilicet
435 240 514 265 non
542 228 675 279 impar
693 225 836 266 Claueo
865 225 1035 277 intelligi
1066 226 1187 275 iubet,
1219 234 1262 266 ut
1290 226 1411 266 facies
1433 224 1626 266 Claudiae
1657 240 1735 265 non
1766 226 1897 266 minus
1927 226 2074 266 nobilis
2104 241 2222 280 quam

244 299 331 338 Atti
353 296 489 338 Clausi
520 297 642 337 facies
671 297 794 338 fuisse
825 298 992 337 dicatur.
1038 298 1233 338 Miramur
1253 298 1368 339 docto
1398 298 1605 350 interpreti
1627 297 1728 337 hanc
1750 299 1987 338 sententiam
2017 300 2101 338 iure
2122 300 2223 339 vitu-

243 376 420 423 peratam
456 370 506 410 ab
543 370 633 410 aliis
664 370 892 410 etiamnunc
927 371 1099 423 probari.
1160 368 1268 419 Quid
1304 371 1410 409 enim
1444 369 1559 408 faciei
1599 368 1774 409 Marciae
1816 371 1880 409 vel
1910 369 2103 411 Claudiae
2135 386 2224 410 cum

243 442 348 481 Anci
377 443 478 480 facie
509 449 577 480 aut
597 441 762 481 Clausi?
792 442 920 480 Immo
952 442 1117 481 dubium
1142 457 1229 481 esse
1250 457 1329 480 non
1360 448 1491 494 potest
1519 442 1616 493 quin
1647 449 1727 481 tam
1750 443 1924 482 Marciae
1954 458 2071 496 quam
2104 442 2222 483 Clau-

244 514 332 552 diae
368 514 495 552 forma
529 527 618 552 cum
655 513 870 552 earundem
901 514 1110 553 nobilitate
1139 514 1295 566 generis
1326 513 1604 563 contendatur,
1641 528 1664 552 a
1694 527 1773 566 qua
1802 514 2006 554 laudanda
2036 523 2154 568 poeta
2183 516 2223 555 in

245 592 411 637 utraque
441 599 555 624 orsus
586 591 666 625 est:
696 584 850 625 Marcia
879 586 929 625 ab
960 587 1076 626 Anco
1106 599 1249 625 nomen
1282 585 1407 636 ducit3
1440 583 1613 625 Claudia
1641 598 1664 624 a
1685 583 1833 625 Clauso
1863 600 1987 638 genus
2018 587 2154 627 refert:
2186 595 2225 626 et

243 657 335 697 huic
372 671 507 697 earum
542 656 744 697 nobilitati
780 658 953 697 nominis
990 672 1116 711 aequa
1152 666 1237 697 erat
1274 658 1479 709 utriusque
1509 657 1631 696 facies
1665 657 1726 696 vel
1754 658 1894 697 forma.
1953 659 2006 698 Et
2035 661 2093 698 sic
2124 660 2225 699 solet

244 730 415 770 Ovidius
436 745 538 783 quae
569 737 662 770 sunt
692 731 979 784 comparabilia
1009 731 1111 771 inter
1141 745 1181 770 se
1213 744 1452 783 comparare,
1486 730 1594 769 velut
1622 730 1663 769 in
1694 731 1863 782 epistola
1894 745 1942 771 ex
1974 732 2101 772 Ponto
2131 733 2221 773 libri

243 804 351 843 tertii
381 804 499 843 tertia
528 819 563 843 v.
588 804 641 844 99

710 859 947 914 Conveniens
976 877 1106 914 animo
1133 888 1255 927 yenus
1284 882 1339 913 eet
1368 874 1458 914 tibi.-
1488 874 1615 913 nobile
1643 889 1812 927 namque

573 948 650 986 100
780 948 915 986 Pectue
944 955 979 986 et
1008 946 1222 985 Herculeae
1251 947 1516 998 simplicitatis
1545 946 1670 986 habes.
1707 968 1753 973 -—
1786 969 1841 973 --

572 1020 649 1058 103
709 1019 820 1057 Mene
850 1026 918 1057 tua
947 1019 1122 1057 ‹sublimie
1152 1032 1275 1070 supra
1301 1032 1423 1070 yenus
1453 1021 1592 1057 eminet
1620 1020 1764 1071 ipsum,

778 1090 982 1132 Grandine
1011 1093 1164 1143 inqenio
1194 1105 1262 1129 nec
1291 1090 1365 1129 tibi
1390 1104 1528 1129 nomen
1556 1092 1655 1129 inest

244 1169 283 1203 et
313 1163 353 1203 in
383 1163 525 1203 iisdem
558 1163 736 1216 epistolis
769 1164 806 1213 1,
825 1163 861 1214 2,
880 1163 906 1202 2

710 1235 897 1282 Maxime,
930 1237 1000 1286 qui
1027 1236 1127 1271 tanti
1153 1248 1374 1271 mensuram
1402 1236 1572 1272 nominis
1600 1235 1739 1285 imples

774 1309 828 1346 Et
853 1310 1031 1359 yeminas
1061 1309 1186 1346 animi
1213 1308 1413 1346 nobilitate
1440 1322 1573 1358 yenua.

245 1380 363 1431 Quod
396 1395 488 1420 vero
514 1394 595 1434 par
623 1393 714 1419 cum
745 1387 858 1420 sexto
889 1393 985 1419 casu
1005 1379 1187 1429 nominis,
1220 1393 1298 1418 non
1331 1379 1446 1418 tertio
1477 1379 1731 1418 coniunctum
1763 1385 1834 1430 est,
1866 1380 2058 1419 Arusiani
2084 1380 2223 1420 Messii

245 1453 518 1493 testimonium
547 1466 664 1492 nemo
696 1453 853 1502 ignorat
882 1453 950 1504 qui
973 1452 1046 1490 hoe
1076 1453 1203 1504 ipsum
1235 1458 1403 1490 testatur
1433 1466 1521 1490 cum
1543 1453 1599 1490 ita
1628 1452 1768 1491 scribit
1798 1453 1836 1491 in
1867 1453 1990 1491 Keilii
2017 1452 2223 1493 Gramma-

245 1527 335 1565 ticis
364 1525 521 1564 Latinis
553 1529 625 1563 VII
656 1539 692 1576 p.
715 1525 797 1564 500
820 1523 908 1575 ‘par
938 1523 1012 1563 his.
1050 1522 1133 1563 Cic.
1162 1538 1231 1575 pro
1263 1522 1448 1563 Cluentio
1473 1523 1663 1575 “ingenio
1694 1531 1733 1563 et
1762 1524 1906 1563 virtute
1935 1538 2003 1577 par
2032 1525 2094 1565 his
2124 1539 2223 1578 quos

245 1603 337 1637 ante
367 1593 628 1636 memoravi.‘'
674 1609 744 1648 par
776 1595 849 1634 hac
876 1609 930 1634 re.
977 1593 1057 1634 Sal.
1083 1595 1172 1634 hist.
1196 1599 1274 1634 1111
1298 1593 1456 1634 “scalas
1485 1609 1599 1648 pares
1628 1596 1827 1634 moenium
1855 1594 2109 1635 altitudine.”
2153 1611 2223 1649 par

245 1684 334 1709 cum
365 1670 439 1709 his.
486 1669 565 1708 Sal.
587 1669 672 1719 Iug.
699 1667 862 1720 “parem
895 1682 984 1706 cum
1015 1668 1151 1706 liberis
1183 1668 1260 1707 tuis
1289 1668 1480 1720 regnique
1502 1668 1734 1720 participem
1755 1665 1940 1708 fecisti''.'
1986 1667 2075 1717 Quo
2097 1670 2224 1721 magis

245 1741 395 1794 duplici
426 1740 606 1793 exemplo
628 1739 829 1780 Ovidiano
861 1738 1080 1778 cedendum
1112 1745 1187 1778 est:
1218 1740 1260 1778 in
1291 1753 1371 1791 qua
1394 1753 1476 1792 par
1493 1739 1626 1792 facies
1655 1739 1855 1779 nobilitate
1881 1754 1972 1787 eua5
2006 1755 2075 1780 nec
2092 1741 2225 1792 facies

243 1816 377 1867 impar
411 1813 613 1852 nobilitate
636 1812 734 1863 fuit.
785 1810 899 1860 Quae
937 1811 1002 1863 qui
1041 1811 1266 1860 contulerit,
1313 1826 1390 1849 non
1428 1817 1559 1863 potest
1593 1826 1671 1850 non
1708 1812 1822 1850 fateri
1860 1812 2095 1850 hariolatum
2137 1827 2225 1852 esse

243 1886 483 1925 Merkelium
520 1899 608 1924 cum
640 1884 763 1923 altero
794 1884 881 1922 loco
912 1885 953 1922 in
985 1897 1064 1935 qua
1094 1897 1184 1935 pars
1202 1883 1335 1933 facies
1367 1883 1567 1922 nobilitate
1596 1898 1669 1922 ειια
1698 1891 1752 1922 est
1782 1883 1930 1933 ederet,
1969 1884 2136 1923 alterum
2166 1885 2224 1924 in-

245 1965 482 2010 temptatum
512 1958 764 2009 relinqueret.
812 1955 892 2004 Qui
914 1955 974 1994 vir
1005 1962 1144 1994 acutus
1175 1969 1251 2006 qua
1282 1961 1364 1994 erat
1394 1955 1543 2007 ingenii
1566 1955 1825 2007 perversitate
1856 1956 1906 1995 ab
1937 1956 2043 1995 omni
2075 1956 2223 2009 simpli-

245 2030 363 2068 citate
394 2028 593 2068 sentiendi
625 2028 756 2066 aliena
784 2027 904 2065 nimis
926 2040 1044 2078 saepe
1076 2040 1195 2064 sanae
1228 2027 1370 2064 rationi
1392 2028 1656 2077 repugnantia
1685 2027 1910 2076 legentibus
1941 2028 2098 2077 ingerit.
2145 2026 2224 2067 Sed

245 2102 400 2141 accedit
429 2101 589 2140 tertium
620 2100 844 2151 exemplum
876 2100 913 2148 2,
934 2099 1012 2138 758

711 2171 765 2210 Et
781 2171 915 2220 facies
945 2172 1076 2209 animo
1108 2171 1305 2221 diynaque
1329 2183 1486 2222 parque
1502 2169 1604 2220 fuit,

246 2245 475 2296 ambiguum
508 2243 605 2282 illud
637 2243 796 2295 quidem
828 2242 897 2282 sed
927 2242 1034 2294 quod
1065 2241 1165 2280 nihil
1196 2240 1363 2293 impedit
1392 2242 1602 2293 quominus
1632 2241 1683 2279 ad
1712 2241 1879 2280 istorum
1915 2256 2094 2280 normam
2125 2243 2223 2280 acci-

246 2317 419 2369 piamus3
455 2329 697 2368 quamquam
733 2321 909 2366 apertum
947 2321 1007 2353 est
1037 2315 1168 2352 animo
1204 2312 1422 2351 ablativum
1452 2326 1529 2351 non
1562 2312 1728 2351 eandem
1759 2313 1839 2350 vim
1875 2312 1922 2350 ad
1955 2314 2076 2365 (liqna
2106 2320 2145 2352 et
2175 2313 2222 2352 ad

243 2403 322 2440 par
349 2389 518 2427 relatum
550 2388 707 2426 habere.

444 2459 638 2498 Redimus
670 2459 782 2497 illuc:
816 2472 908 2496 nam
938 2472 1038 2509 quae
1069 2463 1289 2509 sequuntur

710 2531 798 2570 Par
826 2532 956 2569 animo
987 2543 1140 2583 quoque
1157 2529 1299 2581 forma
1329 2541 1398 2566 suo
1428 2528 1645 2580 respondet.
1685 2529 1728 2567 in
1758 2528 1830 2567 illa

776 2602 831 2641 Et
855 2616 977 2654 yenus
1006 2609 1041 2641 et
1057 2602 1190 2652 faciee
1219 2602 1495 2652 inqeniumque
1523 2601 1640 2638 simul

246 2675 505 2727 gravissimas
547 2675 685 2713 turbas
737 2674 1022 2713 excitaverunt.
1093 2672 1384 2712 praeeuntibus
1434 2671 1540 2709 enim
1583 2672 1680 2710 Iano
1723 2671 1996 2720 Broukhusio,
2046 2670 2224 2709 Iohanne

247 2745 480 2797 Schradero,
514 2747 609 2786 viris
640 2746 811 2796 eximiis,
845 2759 933 2784 cum
960 2745 1153 2784 Merkelio
1183 2744 1291 2783 Petri
1324 2743 1443 2782 editio
1474 2743 1548 2782 hoc
1579 2743 1776 2782 distichon
1808 2742 1921 2781 uncis
1952 2742 2225 2793 circumscrip-

246 2827 328 2859 tum
371 2828 413 2858 ut
455 2820 632 2872 spurium
671 2819 838 2858 notavit.
897 2818 1037 2871 Neque
1078 2831 1270 2869 negamus
1312 2815 1471 2856 omissis
1508 2815 1661 2856 duobus
1706 2815 1886 2855 versibus
1930 2828 2029 2868 quae
2072 2820 2226 2854 restant

246 2892 406 2931 tolerari
437 2906 567 2945 posse.

908 2964 1010 3001 unde
1040 2963 1159 3002 trahit
1191 2963 1347 3000 Marcia
1376 2969 1482 2999 casta
1509 2976 1645 3013 glenus,

711 3037 881 3084 Marcia,
912 3036 1087 3086 sacrifico
1118 3036 1323 3073 deductum
1352 3048 1490 3072 nomen
1519 3033 1566 3072 ab
1601 3035 1721 3083 Anco,
