2466 3370
1201 111 1228 150 5

224 219 378 271 Quodsi
410 234 499 260 cum
528 220 604 259 hac
633 221 831 260 sententia
860 220 1058 260 distichon
1089 234 1201 260 suam
1231 220 1366 259 sedem
1386 220 1485 258 tueri
1506 234 1585 258 non
1607 226 1749 271 potest,
1781 219 2048 259 abiiciendum
2070 218 2200 271 potius

225 300 286 334 est
313 299 382 333 aut
409 293 497 332 loco
526 291 765 332 movendum
796 306 912 345 quam
942 306 1065 345 prava
1094 291 1418 345 interpretatione
1448 306 1471 330 a
1500 305 1721 331 suo·sensu
1750 291 2077 344 detorquendam.
2122 288 2201 329 Sed

224 379 297 404 nos
327 365 421 403 dum
450 374 590 416 poetae
619 370 793 403 mentem
822 365 1058 416 inquirimus
1089 378 1168 416 qua
1187 364 1263 403 hoc
1283 364 1387 416 quod
1408 364 1581 402 affirmat
1600 364 1808 415 imperium
1830 364 2055 403 Romanum
2076 369 2202 402 totum

224 444 418 476 terrarum
447 436 583 474 orbem
612 435 796 487 amplecti
827 450 1004 475 seorsum
1035 451 1058 474 a
1086 436 1177 474 festi
1209 435 1287 474 diei
1317 435 1565 487 expositione
1591 436 1883 487 interposuerit,
1916 435 1991 474 hoc
2016 434 2202 485 intelligi·

225 522 325 557 mus,
356 507 569 546 transitum
598 507 728 559 parari
759 506 834 546 hoc
863 507 980 546 modo
1011 508 1058 546 ad
1090 507 1260 560 proximi
1292 506 1453 546 distichi
1485 507 1739 556 sententiam,
1777 520 1856 558 qua
1886 506 2086 558 descripta
2114 505 2202 544 Iani

226 569 473 620 sollemnitas
516 579 690 632 graviter
732 578 945 619 admodum
979 579 1126 619 finitur.
1173 577 1274 619 Cum
1311 579 1416 618 enim
1452 577 1557 617 hunc
1594 578 1698 617 diem
1728 578 1871 617 festum
1903 579 1958 617 ita
1987 578 2132 618 salutet
2162 584 2203 616 ut

226 667 316 693 eum
346 652 510 703 dignum
540 665 627 692 esse
658 651 764 691 dicat
793 653 857 704 qui
890 667 914 691 a
932 652 1084 706 populo
1104 666 1235 691 rerum
1248 659 1405 705 potente
1425 650 1587 701 colatur,
1619 650 1695 690 hoc
1716 658 1757 689 ut
1777 651 1922 691 habeat
1941 666 2019 704 quo
2041 651 2200 700 nitatur,

226 726 340 778 quasi
369 725 465 764 Iove
495 730 595 764 teste
626 725 834 764 confirmat
863 731 971 775 ante,
1003 739 1090 765 esse
1120 724 1310 777 populum
1341 724 1566 763 Romanum
1595 738 1726 763 rerum
1756 723 1794 764 h.
1817 739 1849 763 e.
1872 733 2065 763 terrarum
2095 724 2202 763 orbis

226 803 441 849 potentem.
485 796 548 835 Ita
578 796 611 835 si
637 802 742 835 recte
772 797 955 835 intimum
988 796 1152 836 duorum
1175 796 1436 836 distichorum
1457 803 1633 835 tenorem
1654 797 1912 847 explicamus,
1944 804 2108 849 apparet
2128 797 2203 849 pri·

226 884 351 919 mum,
396 867 575 908 ordinem
616 883 751 908 eorum
787 868 863 908 nisi
901 882 987 908 cum
1023 868 1258 920 gravissimo
1294 868 1530 908 detrimento
1566 869 1755 908 orationis
1790 869 1935 908 inverti
1965 882 2043 908 non
2074 854 2201 921 posse,

228 940 371 979 deinde
406 940 507 978 nihil
537 940 752 979 desiderari
782 954 859 992 quo
889 941 998 992 prius
1029 940 1244 991 distichon,
1282 941 1387 993 quod
1417 947 1569 979 tantum
1601 940 1762 980 alterius
1793 955 1912 980 causa
1941 940 2204 992 praemissum

228 1018 304 1062 est,
336 1012 457 1050 etiam
486 1012 679 1063 superiori
709 1012 944 1061 narrationi,
977 1025 1077 1063 quae
1107 1019 1146 1050 et
1174 1012 1262 1063 ipsa
1291 1013 1409 1063 plena
1439 1019 1500 1051 est
1529 1020 1567 1051 et
1594 1013 1792 1062 absoluta,
1824 1013 2069 1051 adnectatur.
2116 1012 2204 1050 Hoc

227 1092 359 1123 tamen
395 1084 639 1134 agnoscitur,
670 1089 845 1135 poetam,
877 1083 1063 1135 quoniam
1093 1083 1163 1122 illa
1192 1098 1292 1135 quae
1324 1083 1420 1122 dicit
1450 1083 1498 1122 de
1529 1083 1672 1136 populo
1702 1083 1884 1123 Romano
1915 1091 2105 1123 terrarum
2137 1082 2203 1122 do·

228 1156 335 1195 mino
365 1169 444 1194 non
474 1168 553 1194 uno
584 1154 700 1194 modo
731 1155 860 1194 efferri
891 1161 1084 1206 poterant,
1117 1155 1226 1194 velut
1255 1156 1295 1194 in
1326 1155 1516 1195 Tristium
1547 1155 1649 1195 libro
1681 1156 1805 1208 primo
1837 1157 1874 1207 ὃ,
1891 1157 1944 1196 69
1975 1156 2115 1195 scribit

693 1227 773 1267 Sed
802 1241 901 1279 quae
930 1229 977 1266 de
1005 1235 1147 1279 septem
1176 1235 1297 1266 totum
1325 1229 1590 1279 circumspicit
1619 1228 1748 1266 orbem

757 1298 966 1349 Montibus,
998 1299 1159 1351 imperii
1188 1298 1315 1338 Roma
1344 1299 1533 1352 deumque
1562 1299 1687 1345 Iocus,-

229 1371 412 1411 similiter
441 1371 481 1410 in
513 1372 629 1410 tertio
662 1371 696 1422 7,
715 1372 762 1410 51

690 1443 874 1495 Dumque
901 1445 983 1482 suis
1012 1451 1155 1496 septem
1183 1446 1325 1483 victrix
1354 1446 1402 1483 de
1430 1444 1622 1483 montibus
1652 1444 1781 1484 orbem

756 1516 977 1568 Prospiciec
1005 1517 1192 1555 domitum
1221 1516 1372 1555 Asartia
1403 1517 1543 1565 Roma,
1575 1517 1696 1568 leqar,

229 1600 334 1625 nunc
363 1586 467 1639 quod
497 1586 633 1626 Iovem
664 1593 702 1625 et
721 1587 830 1626 Iovis
861 1601 993 1626 arcem
1022 1588 1062 1626 in
1093 1602 1139 1626 ea
1169 1602 1287 1627 causa
1318 1596 1610 1639 commemorat,
1643 1590 1740 1627 scite
1762 1604 1811 1627 ex
1832 1589 2097 1628 sollemnitate
2118 1589 2206 1641 ipsa

229 1674 347 1711 quam
377 1659 578 1708 describit,
610 1673 709 1710 quae
740 1660 780 1697 in
811 1657 1010 1710 Capitolio
1042 1659 1273 1710 celebratur,
1306 1660 1497 1699 orationis
1529 1661 1700 1699 colorem
1731 1660 1904 1700 duxisse.

425 1729 538 1769 Haec
573 1743 673 1782 quae
709 1729 1000 1782 disputavimus
1037 1744 1276 1783 quamquam
1311 1732 1399 1783 ipsa
1432 1746 1503 1784 per
1538 1746 1580 1771 se
1611 1732 1708 1771 satis
1738 1739 1920 1772 constare
1952 1732 2202 1783 videbuntur,

229 1802 263 1841 ei
299 1801 459 1854 quidem
495 1801 561 1854 qui
599 1815 668 1840 suo
704 1814 823 1840 sensu
858 1801 897 1840 in
928 1809 1100 1840 mentem
1132 1808 1270 1854 poetae
1301 1817 1388 1842 sese
1417 1803 1619 1842 insinuare
1649 1805 1823 1842 animum
1855 1804 2033 1855 inducat,
2071 1812 2202 1844 tamen

229 1888 306 1911 non
344 1873 501 1923 desunt,
540 1873 683 1923 quibus
714 1873 869 1911 facilius
898 1872 997 1911 fides
1028 1873 1163 1911 haberi
1196 1875 1307 1924 solet,
1339 1889 1388 1912 ex
1418 1875 1560 1913 iisdem
1590 1876 1702 1914 libris
1735 1877 1856 1926 petita
1886 1877 2070 1915 simili-ter
2099 1890 2202 1914 com-

228 1946 380 1997 positae
415 1945 604 1983 orationis
635 1944 828 1996 exempla.
873 1941 1050 1991 Quorum
1082 1945 1253 1996 primum
1282 1952 1342 1985 est
1371 1946 1474 1997 quod
1507 1946 1601 1984 item
1632 1946 1671 1984 in
1703 1946 1829 1998 primo
1860 1947 2004 1999 legitur
2033 1961 2056 1985 a
2086 1961 2203 1986 versu

230 2017 326 2067 283,
359 2017 443 2066 ubi,
476 2022 734 2069 posteaquam
763 2015 884 2055 Ianus
913 2016 1171 2067 interroganti
1203 2022 1342 2069 poetae
1373 2031 1442 2055 cur
1471 2030 1567 2069 pace
1597 2017 1734 2068 lateat,
1773 2018 1892 2057 armis
1923 2025 2054 2057 autem
2084 2020 2203 2058 metis

229 2088 465 2139 recludatur,
498 2087 704 2141 respondit

699 2160 746 2199 Ut
769 2160 921 2212 populo
951 2161 1098 2199 reditus
1126 2168 1287 2212 pateant
1316 2162 1369 2200 ad
1397 2161 1497 2201 bella
1523 2162 1714 2215 profecto,

548 2233 629 2273 280
759 2232 858 2272 Tota
884 2240 992 2286 patet
1020 2234 1175 2286 dempta
1203 2235 1328 2273 ianua
1356 2242 1489 2274 nostra
1518 2248 1616 2273 sera.

689 2306 796 2344 Pace
813 2305 929 2356 fores
959 2305 1071 2355 obdo,
1103 2320 1150 2345 ne
1180 2320 1258 2358 qua
1287 2307 1481 2346 discedere
1506 2308 1653 2360 possit:

756 2377 1019 2430 Caesareoque
1048 2379 1117 2416 diu
1146 2380 1301 2417 nomine
1330 2380 1458 2417 clusus
1487 2393 1564 2426 ero,

232 2448 294 2486 hic
324 2449 380 2486 ita
408 2449 537 2499 pergit
567 2448 614 2486 de
644 2448 741 2486 Iano
772 2449 895 2487 verba
922 2448 1064 2487 facere.

689 2520 808 2558 Dixit
836 2527 871 2558 et
899 2520 1076 2559 attollens
1107 2520 1236 2559 oculos
1266 2521 1419 2559 diversa
1449 2521 1617 2559 videntes

755 2591 935 2644 Aspexit,
966 2598 1043 2630 toto
1074 2593 1270 2643 quidquid
1297 2594 1339 2631 in
1370 2593 1459 2631 orbe
1475 2592 1582 2643 fuit.-

550 2663 629 2701 285
686 2664 777 2702 Pax
807 2671 899 2711 erat,
931 2671 967 2702 et
993 2666 1122 2711 vest-ri,
1157 2663 1398 2712 Germanice,
1430 2678 1548 2702 causa
1577 2663 1775 2715 triumphi,

762 2735 999 2775 Tradiderat
1015 2736 1198 2787 famulas
1226 2738 1307 2776 iam
1336 2736 1409 2776 tibi
1437 2736 1593 2775 Rhenus
1623 2750 1760 2788 aquas.

692 2807 799 2857 Iane,
819 2807 896 2859 fac
925 2815 1100 2847 aeternos
1123 2812 1264 2861 pacem
1290 2811 1478 2861 pacisque
1505 2808 1703 2846 ministros

757 2879 863 2918 Neve
891 2894 1016 2929 suum,
1043 2889 1217 2933 praesta,
1249 2882 1400 2919 deserat
1428 2888 1563 2918 auctor
1593 2894 1701 2933 opus.

693 2951 809 2999 Quod
837 2959 968 2991 tamen
999 2967 1045 2991 ex
1073 2955 1172 3004 ipsis
1202 2953 1312 2991 licuit
1340 2953 1437 2991 milei
1464 2954 1610 2991 discere
1628 2953 1767 3003 fastis,

549 3021 629 3061 290
757 3022 972 3063 Sacravere
999 3032 1132 3081 patres
1161 3024 1233 3062 leuc
1262 3025 1338 3062 duo
1369 3024 1511 3076 templa
1542 3024 1615 3062 die.
