2466 3370
1172 78 1225 117 20

206 187 268 227 vel
301 187 405 227 viam
437 201 538 240 quae
568 187 663 226 mali
694 187 840 228 ominis
871 188 989 228 fuerit
1019 202 1096 228 non
1127 187 1393 227 devitaverint
1421 185 1487 238 (cf.
1515 186 1563 228 O.
1586 187 1817 227 Richterum
1849 188 1873 227 l.
1897 203 1927 228 s.
1949 204 1981 227 c.
2013 202 2050 241 p.
2071 186 2182 239 428).

203 260 342 313 Neque
375 260 586 300 offensioni
608 273 696 301 esse
719 266 852 313 potest
871 260 976 314 apud
997 259 1187 301 Ovidium
1218 259 1322 313 quod
1344 260 1574 313 praemissis
1597 260 1677 300 illis
1708 260 1755 300 de
1777 261 1868 299 iano
1889 259 2027 300 dextro
2048 266 2184 314 portae

204 331 473 372 Carmentalis
504 339 643 385 postea
670 341 790 386 porta
821 333 975 373 dicatur
1005 334 1120 386 eulpa
1150 347 1306 383 vacare,
1342 341 1461 385 porta
1489 347 1603 372 omen
1636 334 1797 384 habere,
1831 347 1919 373 cum
1949 334 2182 386 praesertim

204 407 325 445 etiam
360 405 428 445 alii
459 412 601 455 testes,
639 419 740 458 quos
778 420 900 459 supra
931 406 1157 456 citavimus,
1194 404 1292 445 haec
1329 405 1511 445 universe
1542 404 1590 445 de
1621 412 1735 459 porta
1764 404 2009 446 Carmentali
2038 405 2184 446 referre

205 478 497 518 consueverint.
555 477 602 517 In
638 477 701 517 his
740 491 830 517 cum
867 478 968 518 nihil
1003 478 1056 518 sit
1090 476 1193 530 quod
1231 477 1500 530 suspicionem
1535 491 1695 517 movere
1731 478 1780 517 de
1810 485 1969 518 auctore
1998 492 2184 518 versuum

204 550 345 602 possit,
379 549 476 589 illud
508 563 642 588 veram
665 547 803 589 Ovidii
836 564 998 589 manum
1029 550 1091 588 vel
1122 549 1294 588 maxime
1316 563 1409 601 prae
1426 563 1468 589 se
1489 549 1592 589 ferre
1615 550 1806 601 videatur,
1838 549 1943 602 quod
1966 550 2184 590 sententias

204 622 364 661 iteravit
394 622 434 661 in
465 621 683 674 eademque
706 622 830 661 verba
851 622 948 662 duos
971 628 1238 674 pentametros
1260 620 1488 661 desinentes
1510 621 1614 661 fecit.
1659 619 1728 661 Sic
1749 622 1854 661 enim
1876 622 1976 662 solet
1996 622 2184 662 circuitus

206 694 399 733 orationis
437 693 681 744 describere,
728 707 803 733 nec
848 694 977 732 solum
1023 693 1180 732 easdem
1226 693 1445 732 sententias
1481 693 1644 745 paulum
1680 693 1796 733 modo
1835 695 2006 734 variatas
2040 694 2186 733 referre

206 766 314 804 velut
343 767 381 816 6,
399 767 479 805 295
498 779 551 804 ss.

667 836 766 875 Eeee
795 837 865 875 diu
894 837 1031 876 stultus
1064 836 1192 876 Vestae
1221 836 1431 875 simulacra
1454 837 1610 888 putavi,

734 907 834 947 Mox
863 909 990 946 didici
1017 921 1132 946 curvo
1163 908 1274 945 nulla
1303 906 1454 946 subesse
1483 907 1611 954 tholo;

672 980 782 1032 Iynie
812 981 1047 1020 ineoetinctus
1076 980 1216 1032 templo
1247 979 1393 1018 celatur
1420 980 1463 1018 in
1492 980 1574 1024 illo,

735 1051 925 1105 Effigiem
956 1051 1104 1092 nullam
1131 1050 1256 1091 Vesta
1285 1065 1359 1091 nec
1387 1051 1493 1104 ignis
1523 1050 1655 1103 habet,

204 1124 275 1164 sed
311 1124 462 1164 eisdem
499 1125 620 1165 etiam
657 1124 791 1165 verbis
828 1139 1039 1178 expressas
1069 1124 1286 1164 sententias
1316 1124 1460 1163 iterare
1490 1124 1691 1177 variisque
1720 1124 1848 1165 modis
1878 1125 2014 1165 multis
2044 1125 2185 1165 iisdem

206 1198 339 1237 verbis
375 1198 589 1237 artificiose
625 1197 806 1249 repetitis
845 1203 1094 1236 venustatem
1133 1196 1332 1249 quandam
1368 1196 1629 1236 distichorum
1660 1198 1935 1249 compositioni
1968 1198 2184 1250 acquirere.

203 1270 402 1322 Exempla
432 1270 479 1307 de
510 1270 645 1307 Fastis
677 1268 905 1319 selegimus.

476 1342 512 1390 4,
531 1341 612 1380 363
674 1340 780 1379 Inter
808 1341 865 1380 ait
895 1341 1061 1380 viridem
1090 1340 1253 1392 Cybelen
1281 1340 1458 1393 altaeque
1488 1340 1670 1381 Celaenas

735 1412 878 1450 Amnis
907 1413 938 1451 it
965 1413 1121 1462 insana,
1153 1414 1306 1451 nomine
1338 1412 1490 1462 Gallus,
1521 1426 1638 1465 aqua.

670 1483 751 1533 Qui
782 1485 886 1524 bibit
915 1484 1009 1524 inde
1039 1484 1145 1524 furit.
1174 1485 1314 1537 procul
1341 1485 1431 1524 hinc
1460 1486 1657 1535 discedite,
1688 1488 1776 1538 quis
1805 1494 1859 1525 est

738 1555 844 1596 Cura
874 1556 998 1596 bonae
1026 1558 1175 1596 mentis.
1222 1555 1301 1606 Qui
1333 1557 1434 1596 bibit
1462 1557 1556 1597 inde
1585 1557 1691 1597 furit.

478 1630 515 1679 2,
534 1629 615 1668 235
672 1627 764 1668 Una
794 1628 879 1668 dies
910 1628 1064 1668 Fabios
1094 1629 1149 1667 ad
1176 1628 1316 1667 bellum
1344 1631 1502 1668 ‘miserat
1532 1643 1679 1668 omnes:

736 1701 804 1739 Ad
833 1701 973 1740 bellum
1003 1703 1142 1740 ‘mi-3808
1166 1703 1342 1754 perdidit
1372 1717 1449 1740 una
1479 1701 1578 1741 dies.

478 1775 515 1825 4,
533 1774 614 1814 483
672 1774 829 1827 Perque
854 1775 955 1813 vices
983 1775 1100 1814 modo
1124 1772 1406 1827 ‘Persephone’
1438 1776 1552 1814 modo
1575 1772 1696 1829 ‘filia'
1731 1775 1882 1825 clamat,

738 1847 891 1887 Clamat
920 1854 960 1886 et
989 1847 1154 1886 alternis
1184 1861 1325 1886 nomen
1358 1855 1565 1900 utrumque
1596 1848 1684 1886 ciet.

674 1917 755 1958 Sed
782 1931 905 1971 neque
934 1918 1185 1971 Pereephone
1214 1917 1383 1958 Cererem
1414 1932 1481 1958 nec
1499 1919 1592 1969 filia
1620 1926 1782 1958 matrem

738 1991 865 2030 Audit
893 1998 932 2029 et
961 1991 1127 2030 alternis
1157 2005 1299 2029 nomen
1330 1997 1537 2043 utrumque
1567 1991 1682 2043 perit.

480 2064 516 2113 4,
536 2064 616 2103 543
674 2062 776 2102 Tota
805 2063 945 2102 domus
975 2064 1078 2102 laeta
1107 2070 1174 2111 eet,
1205 2063 1276 2101 hoe
1306 2070 1359 2101 eet
1387 2071 1584 2115 *materque
1607 2071 1800 2116 paterque

741 2135 937 2188 Nataque.
969 2143 1045 2174 tres
1073 2135 1140 2174 illi
1168 2141 1252 2174 tota
1269 2135 1388 2186 fuere
1418 2134 1568 2175 domus.

480 2208 518 2257 4,
537 2207 613 2248 331
674 2207 764 2247 Nox
797 2206 949 2247 aderat:
982 2220 1134 2260 querno
1164 2206 1335 2259 religant
1363 2207 1403 2246 in
1435 2207 1569 2260 stipite
1598 2207 1733 2247 funem

741 2279 929 2331 Dantque
959 2279 1035 2317 levi
1061 2292 1197 2317 somno
1228 2292 1393 2330 corpora
1412 2279 1558 2329 funeta
1589 2279 1684 2318 cibo.

676 2350 765 2389 Lux
796 2350 950 2389 aderat:
983 2364 1133 2402 querno
1165 2350 1325 2389 solvunt
1355 2364 1378 2388 a
1407 2351 1540 2402 stipite
1570 2350 1716 2400 funem,

743 2422 845 2462 Ante
874 2430 1001 2461 tamen
1028 2423 1158 2475 posito
1189 2429 1278 2461 tura
1307 2422 1443 2461 dedere
1459 2422 1569 2473 foco.

480 2495 516 2545 4,
539 2495 615 2534 135
673 2495 809 2534 Aurea
839 2508 1059 2534 marmoreo
1089 2493 1325 2533 redimicula
1354 2493 1495 2533 solvite
1525 2495 1638 2546 collo,

742 2567 899 2606 Demite
928 2568 1106 2606 divitiae:
1136 2575 1216 2606 tota
1246 2567 1418 2605 lavanda
1447 2568 1519 2605 dea
1547 2575 1612 2606 est.

679 2639 814 2678 Aurea
844 2639 992 2678 siccato
1022 2638 1258 2678 redimicula
1285 2637 1439 2677 reddite
1470 2639 1586 2679 collo:

746 2710 863 2750 Nunc
892 2712 967 2751 alii
983 2713 1120 2763 flores,
1151 2725 1257 2750 nunc
1284 2724 1386 2750 nova
1417 2712 1549 2751 danda
1577 2725 1669 2751 rosa
1698 2719 1763 2751 eet.

216 2782 278 2824 Cf.
300 2785 338 2833 4,
361 2784 442 2822 215
463 2798 494 2822 s.

483 2855 519 2905 3,
540 2854 619 2893 723
677 2855 781 2893 Ecce
811 2854 902 2893 libet
931 2855 1077 2893 subitos
1105 2857 1232 2907 pisces
1266 2854 1548 2906 Tyrrhenaque
1575 2863 1749 2893 monstra

747 2926 891 2965 Dicere
922 2948 972 2953 —
1003 2928 1071 2966 sed
1097 2941 1177 2965 non
1205 2934 1261 2966 eet
1290 2926 1478 2966 carminis
1507 2925 1624 2966 huius
1654 2941 1765 2978 opus.

684 2996 885 3038 Carminis
917 2997 1033 3037 huius
1063 3012 1162 3050 opus
1192 3012 1332 3037 caueae
1361 3010 1563 3050 exponere,
1595 3012 1717 3050 quare
1750 3019 1793 3024 -
