2466 3370
1183 111 1233 149 16

482 220 518 271 4,
537 219 617 260 683
676 219 846 273 Friqida
875 218 1069 262 Carseolis
1098 233 1167 259 nec
1197 220 1311 259 olivis
1340 227 1436 273 apta
1453 219 1637 271 ferendis

748 291 886 341 Terra,
915 292 986 330 sed
1013 293 1068 330 ad
1094 299 1234 343 seqetes
1262 293 1488 344 inqeniosus
1516 305 1621 343 aqer.

674 363 764 401 Hac
794 377 861 414 eqo
892 363 1117 413 Paeliqnos,
1148 364 1301 402 natalia
1328 377 1437 410 rura,
1466 363 1652 415 petebam.

482 442 519 490 5,
542 441 618 480 149
676 440 750 479 E'st
776 440 893 479 moles
922 441 1056 478 nativa
1088 440 1181 479 loco.
1213 454 1274 478 res
1302 441 1465 479 uomina
1476 439 1598 490 fecit:

742 511 960 563 Appellant
990 511 1142 551 Saxum
1176 533 1219 537 —
1259 532 1305 537 —

540 589 617 627 153
680 587 839 641 Templa
862 594 998 640 patres
1029 587 1112 626 illic
1142 588 1273 627 oculos
1302 601 1420 627 eaeosa
1448 587 1581 626 viriles

742 660 900 698 Leniter
928 660 1073 698 acclini
1100 661 1329 698 constituere
1357 662 1462 711 iuyo.

482 738 518 786 5,
538 737 617 775 ‘209
676 737 749 775 Est
776 737 874 774 mihi
889 737 1091 786 fecundus
1121 737 1317 775 dotalibus
1345 737 1479 774 hortus
1507 737 1551 773 in
1579 737 1709 785 ayris:

742 809 856 846 Aura
874 808 1000 858 foret,
1034 808 1209 859 liquidae
1226 807 1345 858 fonte
1373 809 1529 859 riyatur
1558 821 1695 858 aquae.

673 878 795 918 Hunc
823 893 929 918 meus
957 879 1135 932 implevit
1159 893 1347 931 qeneroso
1366 880 1469 930 flore
1498 879 1673 917 maritus.

482 958 518 1006 5,
539 958 614 996 7οῖ
677 957 796 995 Liber
824 957 873 995 ab
904 957 1111 995 arboribus
1141 957 1247 996 locus
1276 964 1343 1006 est,
1375 965 1470 1008 apta
1498 971 1591 994 area
1618 970 1788 1009 puqnae.

742 1030 1002 1068 Constiterant
1031 1029 1112 1080 illo,
1144 1043 1282 1068 nomen
1311 1029 1515 1081 Aphidna,
1546 1028 1645 1067 loco.

538 1109 575 1157 (5,
593 1108 618 1146 9
676 1108 748 1146 Est
776 1121 910 1146 nemus
939 1107 1146 1145 arboribus
1176 1108 1348 1156 densum,
1380 1114 1544 1145 secretus
1574 1105 1623 1144 ab
1655 1107 1762 1144 omui

751 1179 847 1218 Voce
877 1180 995 1228 locus,
1026 1181 1063 1217 si
1088 1193 1167 1217 non
1198 1179 1482 1230 obstreperetur
1509 1179 1636 1229 aquis.

676 1250 757 1289 Hic
786 1265 854 1302 eqo
885 1251 1116 1302 quaerebam
1147 1273 1196 1276 —

484 1329 520 1376 (5,
543 1329 620 1367 105
678 1328 845 1367 Adiacet
874 1330 1060 1379 antiquus
1094 1327 1277 1366 Tiberino
1308 1327 1416 1365 lucus
1447 1326 1621 1374 Helerni,

741 1400 953 1450 Pontifices
980 1400 1075 1438 illuc
1103 1414 1208 1438 nunc
1238 1412 1391 1451 quoque
1419 1412 1533 1437 sacra
1550 1398 1703 1448 ferunt.

676 1470 775 1509 Inde
805 1479 891 1510 sata
920 1478 975 1509 est
1002 1471 1172 1523 nymphe
1203 1491 1250 1496 —

212 1538 274 1579 Cf.
298 1542 334 1590 G,
354 1541 434 1579 205
455 1554 521 1589 ss„
555 1541 634 1579 219
657 1555 710 1580 ss.

482 1620 520 1664 6,
538 1619 617 1657 477
678 1619 871 1658 Pontibus
901 1628 936 1658 et
963 1634 1105 1671 mayno
1135 1622 1268 1658 iuncta
1299 1627 1354 1658 est
1382 1618 1627 1657 celeberrima
1659 1620 1760 1657 circo

740 1692 859 1741 Area,
892 1705 990 1743 quae
1016 1692 1146 1743 posito
1176 1692 1223 1729 de
1252 1690 1345 1729 bove
1372 1704 1511 1729 nomen
1540 1691 1664 1729 habet.

675 1762 763 1801 Hac
792 1763 848 1801 ibi
880 1763 962 1801 luce
978 1763 1122 1813 ferunt
1151 1763 1328 1801 Matutae
1356 1777 1471 1801 sacra
1499 1764 1668 1814 parenti.

481 1840 517 1887 (ἱ,
536 1839 617 1877 495
677 1839 747 1878 Est
776 1842 905 1891 spatio
936 1848 1136 1879 contracta
1165 1840 1284 1888 brevi,
1304 1839 1416 1890 freta
1448 1839 1541 1877 bina
1570 1840 1722 1891 repellit

750 1911 911 1964 Unaque
937 1912 1122 1964 pulsatur
1151 1919 1256 1950 terra
1285 1911 1438 1950 duabus
1468 1912 1603 1963 aquis:

673 1982 765 2022 Huc
794 1985 896 2023 venit
924 1986 1076 2023 insanis
1104 1992 1240 2023 natum
1269 1984 1471 2036 complexa
1501 1984 1665 2022 lacertis.

483 2059 519 2108 (i,
539 2060 618 2097 669
679 2058 880 2100 Seroierat
910 2062 1087 2113 quidam,
1119 2061 1358 2113 quantolibet
1387 2062 1524 2099 ordine
1554 2062 1710 2112 diquus,

745 2132 903 2180 Tibure,
936 2135 1005 2171 sed
1033 2134 1147 2184 lonqo
1179 2141 1348 2185 tempore
1378 2133 1474 2171 liber
1503 2140 1599 2171 erat.

674 2203 782 2242 Rure
811 2205 932 2256 dapes
960 2212 1082 2257 parat
1110 2204 1176 2243 ille
1206 2218 1276 2243 suo
1307 2225 1359 2230 --

211 2271 324 2311 Haec
354 2273 536 2325 exempla
566 2289 660 2314 usus
691 2274 881 2315 Ovidiani
914 2291 963 2315 ex
995 2291 1071 2315 uno
1101 2290 1219 2328 opere
1249 2282 1436 2329 excerpta
1466 2276 1532 2328 qui
1562 2290 1651 2315 cum
1678 2289 1772 2314 cura
1792 2273 2113 2323 consideraverit,
2146 2288 2191 2312 eo

212 2345 353 2395 magis,
385 2345 606 2397 opinamur,
638 2346 841 2396 fatebitur,
873 2348 960 2387 fieri
991 2363 1069 2387 non
1102 2348 1290 2400 potuisse,
1323 2348 1420 2400 quin
1450 2354 1539 2400 post
1570 2347 1810 2399 descriptam
1837 2346 1942 2385 viam
1969 2345 2191 2384 ominosam

210 2424 346 2469 portae
382 2415 649 2458 Carmentalis
681 2419 755 2459 hac
791 2421 856 2459 via
892 2420 1043 2460 Fabios
1081 2420 1228 2459 exiisse
1265 2426 1400 2472 aperte
1436 2427 1737 2469 memoraretur3
1775 2425 1814 2458 et
1849 2418 1924 2458 hoc
1959 2432 2038 2457 non
2076 2417 2191 2456 intel-

210 2489 357 2529 lexisse
388 2489 544 2542 insigne
575 2498 635 2530 est
665 2492 857 2531 indicium
888 2506 1100 2545 perversae
1131 2492 1299 2531 rationis
1320 2491 1506 2531 Merkelii
1537 2492 1604 2544 qui
1627 2492 1810 2544 princeps
1831 2490 1905 2530 fuit
1936 2489 2189 2543 expungendi

211 2562 372 2601 distichi
406 2570 636 2615 ceterosque
667 2578 738 2603 sua
767 2566 1002 2604 auctoritate
1034 2566 1166 2604 traxit.

410 2633 472 2672 De
502 2635 681 2673 oratione
712 2636 884 2675 diximus
915 2644 954 2675 et
984 2637 1080 2689 quid
1111 2651 1157 2675 ea
1185 2637 1422 2688 requireret:
1455 2650 1559 2674 nunc
1589 2636 1785 2688 agendum
1807 2642 1868 2674 est
1889 2635 1937 2674 de
1957 2636 2190 2674 auctoritate

211 2705 371 2744 distichi
393 2705 500 2758 quod
521 2706 642 2745 habet
657 2720 743 2745 eam
761 2708 999 2747 sententiam
1018 2722 1137 2760 quam
1154 2708 1421 2747 necessariam
1442 2721 1529 2746 esse
1546 2707 1848 2746 declaravimus.
1878 2706 1993 2745 Libri
2014 2706 2191 2758 plerique

210 2777 401 2817 exhibent
437 2778 510 2817 hos
546 2777 645 2817 duos
683 2793 831 2829 versus,
870 2779 939 2819 sed
970 2780 1091 2819 iidem
1122 2779 1398 2819 desiderantur
1427 2780 1468 2818 in
1500 2780 1746 2832 principibus
1777 2779 1943 2829 duobus,
1974 2778 2191 2818 Petaviano

210 2850 294 2888 sive
324 2849 542 2900 Reginensi
574 2857 613 2888 et
643 2849 860 2889 Ursiniano
881 2849 939 2901 (in
963 2851 1038 2889 hoc
1058 2858 1190 2889 tamen
1214 2865 1291 2889 ma.
1313 2851 1380 2889 alt.
1403 2848 1576 2900 adiecti).
1623 2848 1715 2898 Qua
1735 2864 1776 2889 re
1797 2864 2035 2901 magnopere
2056 2864 2190 2889 eorum

208 2920 308 2960 fides
340 2920 627 2968 debilitaretur,
660 2922 737 2960 nisi
768 2928 807 2960 et
837 2935 957 2961 causa
986 2928 1169 2974 prompta
1197 2929 1303 2962 esset
1332 2935 1432 2974 quae
1464 2935 1600 2961 versus
1631 2922 1729 2960 istos
1760 2935 1832 2960 sua
1852 2921 1944 2959 sede
1966 2920 2189 2972 deiecisset,

210 3000 247 3031 et
269 2992 420 3032 similes
442 3008 595 3032 errores
616 3008 665 3033 ne
687 2993 782 3033 alibi
804 2993 963 3047 quidem
984 2995 1034 3034 ab
1057 2994 1118 3034 his
1140 2994 1343 3034 codicibus
1365 2994 1564 3034 abessent.
1610 2994 1769 3033 Etenim
1791 3007 1879 3032 cum
1903 2993 1999 3032 haec
2020 2993 2192 3033 disticha

209 3079 251 3104 se
281 3066 482 3117 excipiant
