2466 3370
1206 137 1260 177 22

239 248 300 287 De
331 249 442 287 cuius
472 248 651 287 oratione
682 248 740 286 sic
770 249 982 298 sentimus,
1018 255 1061 287 ut
1090 247 1308 297 Gilbertus,
1347 246 1448 287 nihil
1482 247 1522 286 in
1559 261 1605 286 ea
1640 247 1772 286 inesse
1810 246 1916 299 quod
1953 245 2101 287 Ovidio
2138 260 2217 286 non

240 319 404 370 dignum
436 320 500 359 sit.
558 319 663 358 Nam
683 319 784 371 fuit,
818 320 881 359 cui
912 320 1096 359 nonnulli
1124 333 1193 358 suo
1224 318 1451 371 praeferunt
1471 317 1519 357 de
1539 317 1713 357 Bentleii
1738 318 1937 370 opinione,
1968 324 2129 370 propter
2148 319 2219 357 im-

238 390 402 442 perfecti
437 390 585 430 formas
616 404 716 443 quae
746 391 991 442 praecedunt
1020 398 1059 430 et
1088 396 1306 442 sequuntur
1337 390 1562 441 vituperare
1582 403 1660 428 non
1683 389 1855 429 debebat
1875 390 1941 442 qui
1964 404 2101 429 versus
2127 391 2218 430 198.

240 463 331 502 199.
364 464 445 502 200
475 477 553 502 uno
583 463 722 502 ordine
753 476 796 502 se
826 463 1010 516 excipere
1040 462 1280 516 patiebatur3
1312 467 1517 514 praeterea
1546 461 1637 500 vide
1666 462 1705 512 4,
1735 461 1818 501 305
1838 476 1870 500 s.

702 533 872 573 Claudia
904 533 1052 584 Quinta
1078 548 1199 588 yenus
1230 533 1371 573 Clauso
1401 533 1600 572 referebat
1629 533 1677 571 ab
1707 534 1799 584 alto,

768 607 853 646 Nec
869 608 1004 657 facies
1032 610 1165 659 impar
1193 606 1394 645 nobilitate
1422 605 1507 644 fuit.

236 678 326 718 Non
361 678 486 730 magis
518 678 759 731 culpandum
795 686 881 718 erat
917 680 1082 718 verbum
1112 694 1135 718 a
1161 679 1314 730 pudore
1348 677 1467 717 nimis
1503 677 1621 729 longe
1656 683 1867 727 remotum3
1904 676 2010 729 quod
2047 677 2081 717 si
2117 677 2217 716 tanti

236 758 297 789 est
327 751 391 790 vel
422 751 495 790 hoc
526 752 566 789 in
597 751 713 789 tertio
744 750 956 791 Fastorum
986 767 1022 791 v.
1045 752 1121 791 881
1145 766 1176 791 s.
1207 751 1308 790 tueri
1339 756 1481 802 potest.

700 823 824 861 Ianus
855 823 1081 863 adorandus
1111 837 1270 874 cumque
1299 823 1370 862 hoc
1400 822 1619 863 Concordia
1648 823 1754 861 mitis

766 895 819 935 Et
848 895 1031 935 Romana
1061 894 1180 935 Saluti
1209 908 1357 948 araque
1387 894 1507 933 Pacis
1537 893 1622 932 erit.

235 965 296 1004 De
326 966 525 1005 sententia
555 973 687 1005 autem
717 981 766 1005 ne
797 981 918 1019 prave
949 967 1144 1006 iudicetur
1173 967 1247 1005 hoc
1276 966 1565 1005 attendendum
1595 972 1668 1015 est,
1699 965 1800 1004 nihil
1827 966 1862 1003 ei
1891 979 2099 1004 commune
2128 979 2215 1004 esse

238 1052 326 1076 cum
360 1039 541 1077 versibus
576 1039 666 1078 199.
700 1039 782 1078 200

697 1110 808 1150 Dum
838 1126 932 1151 caea
961 1111 1224 1165 Alai-tiqenam
1254 1110 1433 1164 capiebat
1460 1123 1590 1163 parva
1621 1108 1833 1159 Quirinum

763 1183 819 1222 Et
846 1184 968 1223 dabat
996 1186 1177 1237 exiquum
1194 1185 1375 1235 fluminis
1404 1184 1497 1222 ulva
1527 1190 1667 1233 torum,

233 1255 378 1305 quibus
409 1267 502 1293 casa
521 1254 682 1293 Romuli
713 1254 954 1294 describitur
979 1257 1125 1308 quique
1146 1257 1184 1294 in
1207 1271 1253 1295 ea
1274 1270 1366 1295 casa
1386 1255 1502 1294 fuerit
1527 1262 1634 1294 torus
1656 1269 1704 1293 ex
1724 1254 1816 1293 ulva
1834 1253 2010 1293 fluminis
2033 1260 2211 1306 paratus:

233 1339 334 1377 quae
364 1339 427 1364 res
459 1324 559 1365 duae
589 1325 645 1364 ibi
677 1339 756 1364 non
789 1326 906 1365 aliter
934 1328 1093 1366 iunctae
1124 1334 1215 1366 sunt
1244 1340 1362 1379 quam
1392 1327 1431 1364 in
1463 1326 1591 1376 tertio,
1624 1326 1690 1363 ubi
1721 1325 1819 1363 haec
1849 1324 1946 1363 dicit
1973 1325 2082 1363 Mars

569 1398 646 1436 183
707 1398 818 1446 Quae
834 1398 969 1449 fuerit
994 1402 1130 1450 noetri,
1162 1401 1198 1438 si
1225 1400 1395 1450 quaeris,
1425 1400 1536 1450 reyia
1564 1399 1660 1448 nati,

761 1471 909 1523 Aspice
938 1472 986 1509 de
1015 1485 1143 1509 canna
1171 1471 1496 1521 straminibusque
1525 1471 1692 1508 domum.

571 1542 647 1581 185
707 1542 755 1580 In
785 1544 935 1594 stipula
958 1544 1118 1595 placidi
1145 1544 1321 1595 capiebat
1348 1557 1509 1581 munera
1538 1543 1678 1591 somni,

765 1614 818 1653 Et
847 1622 974 1653 tamen
1005 1630 1051 1653 ea:
1079 1616 1149 1654 illo
1179 1617 1280 1654 venit
1307 1617 1349 1653 in
1379 1622 1487 1654 aetra
1517 1622 1613 1653 toro.

231 1682 366 1731 Quare
401 1685 466 1723 isti
505 1684 582 1724 duo
619 1699 756 1725 versus
787 1701 811 1725 a
846 1686 1018 1727 disticho
1053 1694 1190 1728 nostro
1220 1688 1441 1727 continuari
1479 1693 1570 1740 apte
1608 1700 1685 1726 non
1723 1691 1918 1739 poterant,
1956 1698 2083 1738 neque
2120 1698 2212 1724 vero

231 1762 348 1808 poeta
376 1756 726 1809 reprehendendus
757 1766 842 1797 erat
872 1760 985 1810 quasi
1018 1760 1161 1811 exiguo
1193 1760 1398 1798 intervallo
1429 1759 1479 1798 ad
1509 1758 1676 1798 eandem
1696 1772 1797 1810 quae
1827 1764 1934 1797 esset
1962 1757 2105 1796 inillis
2126 1771 2212 1796 sen-

231 1829 397 1868 tentiam
427 1829 619 1881 relapsus,
657 1845 786 1883 neque
822 1830 916 1871 huic
955 1831 1168 1872 offensioni
1202 1832 1258 1872 ita
1288 1831 1574 1872 occurrendum
1604 1829 1713 1883 (cum
1744 1827 1955 1881 Gilberto),
1993 1835 2036 1868 ut
2063 1829 2133 1868 illa
2162 1829 2212 1868 ad

231 1900 439 1940 domorum
469 1901 779 1954 simplicitatem,
811 1903 910 1941 haec
941 1903 991 1941 ad
1023 1903 1146 1941 vitam
1176 1904 1363 1941 rusticam
1395 1911 1434 1942 et
1463 1909 1659 1953 agrestem
1690 1901 1827 1941 referri
1848 1902 2085 1941 dicerentur.
2132 1901 2212 1941 Sed

229 1973 300 2010 illa
330 1972 543 2012 Romulum
583 1975 785 2025 attingunt
820 1982 901 2013 tam
936 1976 1096 2026 proprie
1132 1989 1251 2026 quam
1287 1990 1385 2026 quae
1420 1976 1683 2027 insequuntur
1710 1976 1803 2013 201.
1826 1975 1850 2013 2
1885 1974 2034 2013 Iovem.
2065 1974 2132 2014 Ab
2163 1973 2213 2013 iis

230 2052 362 2084 autem
392 2046 501 2097 haec,
534 2046 582 2085 de
613 2047 758 2098 quibus
788 2047 955 2098 agimus,
988 2061 1150 2099 prorsus
1181 2052 1386 2099 segregata
1416 2053 1520 2087 sunt.
1559 2044 1640 2086 Suo
1670 2059 1764 2086 vero
1794 2045 1881 2086 loco
1903 2045 2104 2086 distichon
2124 2059 2211 2099 pro-

230 2117 422 2169 scriptum
453 2116 636 2157 Gilberto
666 2118 908 2158 assentimus
940 2132 1019 2157 non
1052 2132 1232 2157 seorsum
1263 2124 1366 2157 stare
1387 2125 1455 2157 aut
1484 2119 1712 2157 universam
1734 2119 1975 2157 sententiam
1997 2118 2210 2168 continere,

231 2188 301 2227 sed
335 2196 497 2241 propter
534 2196 760 2229 senatorem
795 2204 887 2230 suas
923 2204 1018 2230 oves
1056 2196 1285 2243 pascentem
1326 2189 1457 2229 afferri
1491 2197 1530 2229 et
1561 2204 1649 2229 cum
1680 2190 1754 2229 hac
1784 2190 1958 2241 imagine
1988 2190 2212 2230 senatoriae

230 2261 336 2299 vitae
372 2262 412 2299 in
445 2276 563 2300 unam
594 2263 749 2313 priscae
780 2262 1049 2314 simplicitatis
1086 2262 1395 2313 descriptionem
1432 2262 1665 2301 coalescere.
1710 2262 1849 2315 Neque
1879 2262 1988 2301 Petri
2017 2263 2211 2302 rationem

230 2333 328 2372 satis
358 2334 618 2385 intelligimus
655 2348 734 2386 qua
769 2349 818 2373 ne
854 2333 930 2374 hoc
965 2333 1126 2387 quidem
1166 2332 1414 2386 probandum
1447 2347 1533 2374 esse
1564 2335 1817 2374 concesserit.
1868 2334 1996 2374 Nobis
2027 2333 2126 2373 haec
2156 2335 2213 2373 ita

229 2404 339 2456 iungi
372 2404 557 2444 videntur
586 2405 923 2458 quemadmodum
953 2406 995 2444 in
1025 2406 1147 2445 simili
1179 2406 1406 2444 narratione
1435 2407 1475 2444 in
1506 2407 1623 2445 tertio

854 2492 940 2515 cum
969 2479 1137 2516 colerent
1163 2479 1290 2528 prisci
1316 2479 1527 2516 studiosius
1556 2493 1673 2529 aqros

566 2550 646 2588 780
756 2551 812 2588 Et
830 2550 985 2601 faceret
1006 2553 1144 2602 patrio
1174 2565 1269 2589 rure
1297 2558 1452 2589 senator
1481 2565 1579 2603 opus

696 2620 747 2661 Et
774 2629 930 2676 caperet
944 2620 1083 2675 fasces
1112 2637 1138 2662 a
1167 2634 1285 2662 curvo
1316 2620 1451 2662 consul
1478 2628 1612 2662 aratro

759 2693 843 2734 Nec
872 2696 1017 2734 crimen
1047 2696 1169 2734 duras
1200 2702 1296 2734 esset
1323 2694 1462 2733 habere
1489 2708 1628 2733 manus

228 2766 352 2803 durae
380 2779 520 2804 manus
555 2780 637 2804 non
666 2767 707 2803 in
745 2768 905 2806 rusticis
942 2768 1013 2806 sed
1043 2769 1084 2806 in
1121 2767 1374 2806 senatoribus
1410 2774 1477 2806 aut
1512 2767 1742 2807 consulibus
1779 2765 1937 2805 crimini
1973 2779 2052 2804 non
2086 2764 2210 2806 fuisse

228 2837 424 2878 dicuntur.

426 2909 540 2949 Haec
570 2923 678 2962 quae,
692 2911 949 2962 exposuimus
978 2911 1100 2952 fidem
1119 2910 1250 2951 facere
1280 2910 1369 2950 visa
1398 2916 1491 2950 sunt
1520 2910 1569 2950 de
1589 2911 1738 2950 inserto
1768 2909 1899 2949 alieno
1930 2908 2100 2948 disticho
2129 2923 2209 2948 non

228 2996 315 3022 esse
346 2982 620 3034 cogitandum3
652 2996 780 3035 neque
802 2982 919 3023 Petro
947 2983 1117 3035 contigit
1144 2990 1187 3022 ut
1207 2982 1456 3035 probabilem
1486 2997 1623 3022 ansam
1653 2981 1915 3022 additamenti
1944 2981 2037 3021 faeti
2068 2988 2107 3021 et
2135 2981 2211 3022 hoc

227 3055 314 3095 loco
335 3055 454 3108 positi
476 3055 718 3095 ostenderet:
750 3070 842 3095 nam
864 3070 965 3108 quae
985 3057 1203 3109 proposuit,
1236 3055 1443 3096 Gilbertus
1465 3055 1700 3096 verisimilia
1720 3069 1807 3095 esse
1836 3061 1955 3106 recte,
1987 3055 2208 3108 opinamur,
