2466 3370
1207 102 1233 142 9

557 213 638 252 804
764 212 809 250 In
839 226 916 263 qua
940 226 1022 264 par
1038 212 1172 264 facies
1198 213 1401 252 nobilitate
1430 227 1514 252 sua.

555 283 634 323 807
696 284 776 323 Nec
805 284 911 336 quod
940 284 1146 324 laudamus
1162 284 1357 336 formam,
1387 292 1428 324 tu
1457 292 1571 337 turpe
1595 287 1775 337 putaris.-

763 355 991 395 Laudamua
1019 371 1182 409 maqnae
1211 357 1284 396 hac
1313 370 1467 410 quoque
1490 365 1607 410 parte
1636 358 1739 396 deas.

235 428 487 482 Quamquam
517 426 624 480 quod
653 426 855 467 laudatam
883 427 1025 468 faciem
1056 429 1242 470 continuo
1277 429 1426 482 excipit
1462 429 1666 468 excusatio
1702 429 1786 468 eius
1822 428 1951 468 laudis
1987 429 2070 467 Nec
2104 430 2211 481 quod

235 502 441 541 laudamus
463 500 661 551 formam,
698 500 759 538 cui
790 500 847 538 rei
877 500 1044 556 multum
1073 502 1214 540 tribuit
1249 503 1289 540 in
1321 515 1393 540 sua
1423 515 1542 540 causa
1571 501 1678 539 Petri
1710 501 1917 549 iudicium,
1950 516 2130 540 veremur
2160 516 2209 540 ne

235 573 420 612 subtilius
458 571 665 622 explorata
698 571 876 609 oratione
912 585 1027 610 secus
1063 572 1312 620 sentiendum
1340 573 1403 612 sit.
1469 570 1547 612 Sed
1585 579 1717 611 tamen
1760 572 1828 611 illa
1863 572 2087 612 tolerabilia
2121 587 2209 612 esse

235 643 506 684 concedimus:
552 641 645 681 ferri
683 656 775 682 vero
804 657 883 682 non
922 657 1036 695 posse
1072 644 1311 684 arbitramur
1346 643 1449 698 quod
1486 644 1683 684 similibus
1714 643 1935 683 rationibus
1971 643 2112 684 ductus
2142 642 2207 683 W.

237 716 443 757 Gilbertus
473 712 531 766 (in
568 713 817 754 Fleckeiseni
853 715 1062 755 annalibus
1098 730 1132 755 a.
1168 716 1272 756 1878
1304 731 1340 769 p.
1374 713 1470 767 784)
1499 722 1746 755 commentus
1777 723 1853 766 est,
1892 717 1957 768 qui
1994 731 2072 755 non
2110 717 2207 754 illud

237 788 436 829 distichon
467 787 535 827 sed
567 802 704 828 versus
735 788 827 828 804.
850 788 930 828 805
960 788 1238 841 exstirpandos
1268 796 1378 829 ratus
1402 788 1503 828 banc
1534 789 1753 828 orationem
1784 786 1891 840 (nam
1913 788 2008 827 talia
2029 796 2069 827 ut
2090 803 2208 841 saepe

235 862 404 901 dicimus
434 860 559 900 oculis
590 861 801 913 animoque
831 861 1079 901 subiicienda
1109 859 1218 912 sunt)

892 934 994 972 unde
1022 934 1142 973 trahit
1171 934 1326 973 Marcia
1355 941 1463 973 casta
1489 948 1624 986 yenas,

557 1004 636 1043 803
697 1005 864 1054 Mareia,
895 1005 1070 1056 sawzfico
1101 1007 1306 1045 deductum
1334 1020 1471 1045 nomen
1502 1006 1550 1045 ab
1583 1007 1692 1045 Anco

555 1075 634 1115 806
761 1075 814 1115 Et
838 1091 960 1129 yenus
991 1084 1025 1115 et
1041 1077 1173 1129 faciee
1201 1080 1477 1130 inqeniumque
1505 1079 1623 1117 simul

236 1147 476 1200 peritissimo
507 1153 647 1199 poetae
678 1148 888 1187 obtrudere
919 1163 997 1188 non
1028 1149 1242 1189 dubitavit:
1289 1151 1354 1202 qui
1388 1150 1548 1202 quidem
1580 1150 1706 1189 sensit
1736 1149 1838 1201 ipse,
1885 1150 2012 1200 neque
2048 1160 2208 1185 sensum

236 1219 487 1260 verissimum
519 1219 721 1259 confutare
743 1219 923 1272 debebat,
942 1220 1096 1273 faciem
1125 1223 1399 1274 inyeniumque
1428 1236 1452 1260 a
1472 1222 1677 1260 deductum-
1698 1220 1907 1273 participio
1937 1219 2109 1271 pendere
2129 1231 2208 1255 non

234 1304 362 1346 posse,
395 1291 493 1331 illud
523 1304 602 1330 non
634 1292 770 1344 sensit,
802 1306 939 1331 nomen
970 1301 1005 1331 et
1029 1307 1152 1346 qenus
1181 1280 1310 1346 prave*
1334 1308 1409 1331 uno
1441 1294 1579 1331 ordine
1610 1293 1827 1331 recenseri:
1873 1306 1951 1342 quo
1987 1291 2093 1329 enim
2130 1290 2208 1328 dis·

233 1365 397 1403 crimine
428 1365 504 1402 duo
535 1365 696 1403 nomina
726 1366 915 1416 distingui
946 1368 1100 1417 putavit
1129 1367 1280 1405 nullum
1308 1375 1378 1417 est,
1410 1381 1538 1418 neque
1569 1367 1618 1406 iis
1652 1366 1729 1406 nisi
1761 1366 1991 1405 varietatem
2018 1361 2208 1403 orationis

234 1436 370 1490 quaeri
403 1436 465 1476 vel
495 1435 564 1476 illa
594 1435 735 1477 docere
765 1443 932 1490 possunt
958 1452 1059 1491 quae
1081 1452 1200 1492 supra
1230 1439 1278 1479 de
1309 1438 1488 1492 epistolis
1518 1452 1567 1478 ex
1589 1438 1715 1478 Ponto
1738 1436 1955 1476 attulimus.
2001 1433 2078 1474 Sed
2101 1434 2207 1474 Petri

233 1507 418 1561 ἀθέτησις
446 1509 589 1561 quibus
620 1510 863 1559 argumentis
884 1510 1033 1549 nitatur
1062 1511 1342 1563 inquirendum
1373 1518 1444 1550 est.
1491 1510 1569 1560 Qui
1593 1511 1761 1563 primum
1783 1508 1964 1548 Gilberto
1985 1508 2207 1547 assentiens

234 1581 474 1633 vituperavit
510 1581 629 1620 verba
657 1595 740 1633 par
773 1583 905 1620 animo
942 1596 1094 1634 quoque
1116 1584 1257 1633 forma
1293 1598 1362 1622 suo
1399 1585 1625 1636 reepondet3
1667 1583 1761 1634 quia
1795 1581 1899 1621 enim
1938 1580 1985 1619 de
2014 1579 2114 1619 facie
2145 1579 2207 1618 vel

232 1652 359 1692 forma
388 1658 505 1705 poeta
531 1651 641 1705 loqui
671 1653 884 1705 coepisset,
917 1667 995 1693 non
1026 1656 1157 1694 animo
1189 1668 1341 1707 quoque
1358 1655 1540 1706 formam
1570 1654 1640 1694 sed
1659 1654 1822 1705 formae
1851 1654 2025 1691 animum
2056 1665 2208 1704 quoque

227 1739 369 1777 parem
402 1726 636 1777 respondere
670 1724 881 1764 dicendum
916 1725 1050 1765 fuisse.
1110 1725 1268 1774 Quibus
1305 1742 1383 1766 non
1414 1727 1488 1766 hoc
1518 1728 1770 1776 obiiciemus,
1808 1725 1911 1777 apud
1944 1730 2095 1763 veteres
2126 1730 2204 1762 tam

234 1795 407 1836 Graecos
443 1811 560 1849 quam
599 1796 798 1836 Romanos
835 1797 873 1836 in
911 1797 961 1837 iis
997 1812 1098 1850 quae
1137 1799 1240 1837 inter
1274 1812 1316 1838 se
1353 1798 1647 1838 contenduntur
1682 1811 1798 1849 saepe
1836 1796 1979 1836 variari
2014 1796 2203 1845 oratione,

234 1875 276 1907 ut
306 1882 394 1907 cum
425 1868 499 1907 hoc
529 1868 585 1907 illi
618 1868 746 1908 simile
781 1869 903 1908 fuisse
933 1869 1144 1909 dicendum
1173 1870 1301 1920 fuerit,
1335 1870 1432 1909 illud
1458 1870 1549 1909 huic
1579 1884 1666 1909 esse
1697 1869 1826 1908 simile
1847 1868 2018 1907 dicatur:
2051 1867 2099 1905 de
2127 1881 2205 1918 quo

233 1954 375 1992 genere
412 1940 517 1993 quod
552 1954 670 1993 saepe
707 1941 841 1980 multis
876 1942 1112 1980 nostratium
1149 1942 1349 1993 cogitandi
1388 1957 1495 1981 more
1527 1941 1702 1993 deceptis
1735 1939 1944 1980 offensioni
1973 1938 2063 1988 fuit,
2109 1938 2204 1977 alibi

233 2013 346 2064 plura
366 2014 655 2063 congessimus3
687 2013 902 2065 eodemque
923 2013 1039 2053 modo
1060 2012 1230 2053 Ovidius
1260 2014 1345 2066 ipse
1377 2028 1492 2053 versu
1520 2027 1639 2066 supra
1668 2014 1787 2052 citato
1818 2026 1866 2051 ex
1893 2011 2020 2051 Ponto
2043 2011 2078 2059 3,
2098 2011 2133 2061 3,
2153 2011 2205 2050 99

236 2083 375 2124 scribit
405 2084 641 2124 Conveniens
671 2086 801 2124 animo
828 2098 951 2138 yenua
980 2093 1034 2124 esc
1063 2085 1151 2123 tibi.-
1186 2085 1315 2124 nobile
1341 2099 1510 2138 namque
1532 2093 1669 2139 pectus
1695 2114 1703 2122 .
1736 2114 1744 2122 .
1772 2085 1904 2128 habes,
1941 2084 2007 2121 ubi
2044 2096 2206 2134 exspec-

234 2156 310 2195 tari
339 2162 494 2209 poterat
523 2162 659 2195 contra
684 2159 821 2209 qeneri
847 2159 1023 2196 animum
1042 2159 1323 2197 convenientem
1352 2172 1431 2196 esee
1448 2157 1539 2207 dici,
1570 2157 1758 2209 quoniam
1780 2156 1827 2195 de
1849 2155 1982 2195 animo
2004 2154 2205 2207 deinceps,

233 2242 312 2266 non
350 2228 397 2267 de
427 2242 571 2280 genere
607 2230 747 2280 agitur.
808 2229 887 2268 Sed
917 2244 964 2269 ea
992 2244 1065 2269 nos
1094 2230 1247 2269 ratione
1277 2244 1383 2269 nunc
1412 2244 1489 2269 non
1522 2230 1679 2279 utimur,
1712 2229 1776 2280 qui
1810 2228 1867 2267 sic
1899 2234 2081 2279 putamus
2112 2225 2207 2267 Ovi-

233 2298 341 2337 dium
363 2300 511 2351 optime
532 2300 750 2340 sententias
771 2314 863 2340 suas
885 2300 1163 2351 conformasse,
1187 2301 1288 2340 nihil
1304 2307 1346 2340 ut
1369 2301 1637 2340 excusationis
1660 2299 1848 2351 indigeat.
1879 2298 2041 2337 Etenim
2058 2297 2207 2351 duplici

232 2369 346 2409 faciei
382 2372 675 2424 comparatione
711 2373 895 2412 instituta
929 2386 1018 2412 cum
1048 2374 1220 2426 primum
1254 2373 1396 2413 faciem
1434 2373 1518 2412 sive
1547 2372 1712 2412 formam
1741 2370 1916 2410 Marciae
1954 2384 2088 2422 parem
2119 2383 2207 2408 esse

234 2456 322 2480 cum
357 2443 566 2482 nobilitate
602 2445 775 2495 generis,
811 2459 834 2484 a
864 2445 976 2484 cuius
1011 2445 1127 2484 laude
1164 2459 1328 2484 exorsus
1358 2452 1435 2494 est,
1482 2444 1623 2482 deinde
1654 2458 1740 2481 cum
1771 2443 1905 2481 animo
1935 2456 2092 2494 quoque
2123 2443 2207 2481 eius

233 2521 273 2552 et
302 2515 461 2566 ingenio
491 2516 658 2555 formam
688 2517 881 2556 faciemve
902 2531 1037 2569 parem
1058 2531 1145 2557 esse
1176 2517 1293 2568 dicat,
1325 2516 1646 2569 aequabilitatem
1668 2514 1869 2567 quandam
1890 2514 2080 2553 orationis
2102 2528 2207 2553 asse-

232 2592 346 2626 cutus
382 2595 443 2627 est
477 2588 518 2627 in
555 2602 634 2640 qua
669 2603 749 2629 non
780 2596 841 2629 est
870 2589 975 2642 quod
1009 2588 1322 2642 reprehendatur
1356 2595 1423 2628 aut
1452 2587 1637 2633 offendat.
1683 2586 1806 2626 Porro
1843 2585 1963 2626 iidem
1994 2586 2068 2625 viri
2099 2585 2206 2625 docti

232 2658 526 2699 consentientes
555 2660 795 2712 tautologiae
826 2660 1049 2700 molestiam
1078 2661 1296 2712 increpant,
1328 2674 1404 2712 qua
1433 2660 1494 2698 his
1525 2659 1703 2711 pauculis
1736 2659 1917 2698 versibus
1954 2658 2206 2709 pulchritudo

231 2734 308 2780 ter,
346 2729 410 2769 bis
438 2730 553 2782 facie
587 2731 711 2771 semel
733 2731 875 2783 forma
909 2731 1123 2784 appellata,
1160 2731 1382 2782 legentibus
1417 2730 1648 2769 inculcetur.
1708 2728 1788 2779 Qui
1825 2730 1987 2768 nomina
2023 2729 2208 2767 videntur

235 2815 476 2852 numerasse,
500 2804 784 2844 sententiarum
805 2803 1157 2850 conformationem
1178 2803 1309 2842 minus
1326 2802 1554 2852 attendisse,
1578 2816 1656 2854 qua
1672 2809 1804 2841 tamen
1825 2802 2002 2841 nascitur
2023 2815 2069 2840 ea
2089 2815 2207 2852 quam

233 2874 535 2926 vituperandam
565 2876 715 2916 ducunt
744 2876 960 2917 earundem
990 2890 1129 2916 vocum
1157 2875 1417 2915 iterationem.
1461 2874 1623 2914 Etenim
1649 2875 1819 2928 primum
1841 2881 1956 2927 poeta
1964 2873 2119 2925 faciem
2140 2872 2206 2912 du-

233 2946 388 2998 pliciter
418 2954 458 2987 et
487 2962 577 2988 cum
596 2950 754 3001 generis
782 2949 983 2989 nobilitate
1011 2955 1160 2988 etcum
1188 2949 1313 2987 animi
1330 2947 1559 3000 ingeniique
1585 2948 1745 2988 dotibus
1771 2946 2077 3000 comparandam
2097 2946 2205 2997 dicit,

233 3018 375 3058 deinde
411 3018 509 3059 haec
538 3021 631 3072 tria,
668 3021 836 3060 formam
865 3021 1113 3061 nobilitatem
1143 3020 1362 3072 ingenium,
1400 3033 1500 3072 quae
1539 3021 1657 3060 simul
1686 3022 1816 3060 inesse
1847 3020 1887 3059 in
1923 3020 2075 3059 Marcia
2110 3019 2204 3068 vult,

1922 3094 1943 3127 2
