2466 3370
1204 111 1230 150 4

570 220 623 260 80
750 221 803 259 Et
827 221 1004 273 populus
1022 221 1131 272 feeto
1163 221 1343 260 concolor
1370 223 1455 274 ipse
1483 235 1553 260 suo
1582 229 1649 261 eet.

687 293 849 344 Iamque
877 295 971 332 novi
996 301 1186 345 praeeunt
1202 293 1353 343 fasces,
1385 308 1486 332 nova
1510 307 1699 345 purpura
1716 294 1864 346 χαίρετ,

751 364 804 403 Εὐ
832 379 935 403 nova
966 366 1218 416 conspicuum
1245 365 1424 416 pondera
1453 367 1568 403 sentit
1596 364 1699 403 ebur.

688 435 797 474 Colla
825 436 941 474 rudes
973 450 1133 488 operum
1158 435 1350 487 praebent
1365 435 1556 486 ferienda
1583 437 1738 474 iuvenci

755 506 863 555 Quos
892 507 992 546 aluit
1021 508 1170 559 campis
1199 506 1317 545 herba
1347 507 1505 545 Falisca
1535 508 1627 545 suis.

573 580 625 617 85
682 579 863 631 Iuppiter
892 593 981 618 arce
1012 594 1083 618 sua
1113 584 1237 618 totum
1269 593 1356 618 cum
1387 585 1540 631 spectat
1570 579 1611 618 in
1642 579 1791 629 orbem,

754 652 823 691 Nil
854 653 930 691 nisi
961 652 1184 692 Romanum
1214 652 1319 705 quod
1350 659 1504 691 tueatur
1534 651 1665 691 habet.

690 724 821 774 Salve,
854 725 954 763 laeta
984 725 1078 773 dies,
1108 725 1320 776 meliorque
1348 732 1535 763 revertere
1563 738 1725 776 eemper,

757 798 793 835 A
821 797 971 849 populo
1001 810 1131 835 rerum
1161 798 1282 848 diqna
1308 804 1463 849 potente
1493 797 1579 834 coli.

575 867 627 905 89
687 867 809 915 Quem
838 874 970 906 tamen
1002 881 1080 906 ease
1109 868 1222 905 deum
1252 875 1286 906 te
1314 868 1456 915 dicam,
1492 868 1587 906 Iane
1616 867 1824 918 biformis?

226 937 273 974 In
309 937 384 975 hac
414 938 608 988 particula
638 938 835 976 distichon
868 940 932 977 85.
965 940 1017 977 86
1048 939 1141 990 quia
1170 953 1241 976 uec
1272 939 1465 990 superiori
1496 939 1714 977 narrationi
1746 938 1903 978 adnecti
1934 953 2051 991 posse
2080 953 2207 991 neque

228 1023 317 1047 cum
348 1008 651 1061 insequentibus
683 1010 865 1050 versibus
896 1010 936 1049 in
968 1025 1085 1050 unam
1116 1010 1334 1049 orationem
1359 1010 1465 1049 coire
1487 1009 1697 1050 videbatur
1726 1011 1870 1050 mirum
1890 1025 1968 1050 non
1991 1016 2052 1050 est
2071 1010 2208 1050 doctos

228 1079 410 1119 homines
445 1095 523 1119 non
561 1095 631 1119 suo
666 1081 754 1120 loco
786 1082 1021 1120 collocatum
1053 1083 1316 1120 existimasse.
1362 1080 1540 1129 Quorum
1572 1083 1621 1121 A.
1644 1081 1804 1121 Riesius
1835 1082 2091 1122 traiiciendos
2121 1097 2208 1122 esse

228 1166 365 1191 versus
410 1152 596 1202 affirmat,
643 1153 779 1192 addita
814 1154 967 1193 incerta
1001 1154 1187 1205 opinione
1217 1153 1405 1193 ‘fortasse
1441 1160 1530 1205 post
1565 1151 1671 1194 282?
1723 1152 1804 1193 Sed
1843 1154 1878 1193 ei
1913 1154 2000 1194 loco
2037 1153 2132 1206 quid
2168 1153 2208 1193 hi

230 1223 308 1263 duo
347 1238 484 1263 versus
520 1224 689 1264 adlaturi
727 1225 808 1265 sint
844 1232 912 1264 aut
942 1239 1019 1278 qua
1048 1226 1200 1264 ratione
1231 1238 1319 1264 cum
1356 1225 1433 1264 ista
1469 1232 1579 1277 parte
1609 1226 1751 1264 melius
1780 1226 1995 1278 iungantur
2023 1240 2096 1264 nec
2125 1227 2211 1278 ipsc

229 1295 404 1335 declarat
438 1311 566 1349 neque
601 1311 674 1336 nos
710 1298 807 1336 satis
838 1298 1061 1349 intelligere
1090 1299 1271 1337 fatemur.
1321 1297 1368 1336 In
1400 1298 1582 1349 proxima
1613 1298 1760 1337 vicinia
1789 1298 2095 1351 transponendis
2126 1312 2210 1336 ver—

229 1369 339 1408 sibus
380 1368 511 1408 locum
554 1369 751 1421 quaesivit
787 1367 832 1409 G.
862 1367 1127 1408 Schenkelius
1165 1369 1230 1421 qui
1269 1368 1344 1408 duo
1380 1368 1552 1408 disticha
1585 1370 1743 1409 inverso
1780 1370 1917 1410 ordine
1953 1384 1995 1410 se
2029 1370 2211 1422 excipere

228 1440 380 1479 maluit.

577 1514 627 1554 87
687 1512 818 1560 -Salve,
851 1514 955 1552 laeta
983 1514 1079 1562 diee,
1110 1514 1323 1565 meliorque
1350 1520 1537 1552 revertere
1564 1527 1726 1565 semper,

759 1586 795 1624 A
824 1586 975 1638 populo
1004 1599 1136 1625 rerum
1166 1587 1288 1637 diyna
1315 1593 1467 1637 potente
1496 1587 1580 1625 coli.

580 1658 632 1696 85
690 1657 869 1710 Iuppiter
899 1671 988 1697 arce
1020 1671 1092 1696 sua
1122 1664 1248 1696 totum
1280 1671 1369 1696 cum
1400 1664 1551 1709 spectat
1580 1658 1621 1696 in
1652 1658 1800 1708 orbem,

759 1729 828 1767 Nil
857 1729 936 1767 nisi
965 1728 1190 1767 Romanum
1222 1728 1327 1780 quod
1357 1735 1512 1766 tueatur
1540 1728 1673 1768 habet.

231 1799 322 1848 Qua
350 1815 392 1839 re
423 1814 605 1838 veremur
635 1815 684 1838 ne
716 1801 776 1839 vir
805 1801 945 1839 doctus
977 1800 1051 1839 hoc
1080 1807 1287 1839 assecutus
1318 1801 1370 1839 sit
1399 1807 1440 1839 ut
1470 1800 1632 1840 distichi
1661 1801 1760 1840 fides
1793 1801 2053 1841 labefactetur
2083 1801 2210 1852 magis

231 1886 350 1924 quam
381 1871 618 1921 stabiliatur,
651 1871 754 1923 quod
786 1871 946 1923 quidem
978 1885 1023 1910 eo
1052 1871 1140 1910 loco
1171 1872 1234 1910 cui
1264 1872 1445 1910 attribuit
1474 1872 1616 1910 mirum
1647 1873 1687 1911 in
1719 1872 1878 1911 modum
1900 1873 2133 1912 flaccescere
2154 1873 2211 1911 in-

232 1944 329 1995 cipit
365 1949 500 1998 utpote
535 1944 702 1982 orationi
739 1943 887 1995 optime
924 1943 1137 1982 conclusae
1174 1943 1370 1981 inutiliter
1405 1950 1443 1981 et
1478 1958 1527 1981 ex
1563 1958 1806 1996 supervacuo
1842 1944 2053 1983 adiectum.
2099 1943 2211 1992 Quos

232 2020 372 2054 contra
385 2014 642 2054 Hermannus
658 2015 786 2064 Peter,
809 2015 1090 2054 meritissimus
1112 2014 1253 2053 horum
1272 2014 1463 2054 librorum
1478 2014 1685 2067 interpres,
1707 2015 1764 2054 ita
1783 2015 2001 2068 disputavit
2018 2022 2060 2054 ut
2075 2015 2212 2055 ordine

232 2102 417 2128 versuum
454 2102 533 2127 non
568 2094 762 2140 temptato
797 2087 1056 2126 offensionem
1088 2100 1189 2139 quae
1220 2093 1325 2126 esset
1354 2086 1392 2125 in
1425 2086 1491 2125 illo
1523 2086 1692 2126 disticho
1723 2086 1948 2139 explicandi
1981 2088 2045 2126 via
2074 2087 2211 2127 tollere

233 2167 454 2200 conaretur.
499 2160 575 2199 Illa
605 2160 711 2199 enim
742 2159 789 2198 de
810 2159 906 2198 Iove
937 2159 1075 2198 orbem
1095 2165 1290 2197 terrarum
1310 2158 1603 2210 contemplante
1624 2172 1673 2197 ne
1694 2160 1743 2198 ab
1764 2159 2013 2198 antecedenti
2035 2160 2213 2198 oratione

235 2234 414 2274 seiuncta
443 2239 548 2272 stare
579 2231 842 2281 crederentur,
874 2231 949 2270 hoc
979 2244 1051 2270 nos
1082 2230 1304 2281 intelligere
1334 2231 1461 2280 iussit,
1492 2230 1628 2270 Iovem
1657 2231 1745 2283 ipsa
1774 2245 1892 2284 quam
1923 2240 2040 2284 poeta
2069 2232 2214 2271 descri-

233 2307 345 2344 beret
380 2304 648 2343 sollemnitate
683 2304 782 2354 erigi
819 2310 858 2341 et
893 2303 943 2341 ad
978 2303 1049 2341 has
1085 2317 1148 2342 res
1185 2316 1286 2353 quae
1322 2309 1531 2352 agerentur
1564 2304 1758 2353 converti,
1804 2304 1937 2355 itaque
1973 2303 2059 2342 fieri
2094 2309 2137 2353 ut
2171 2304 2211 2342 in

234 2379 371 2417 orbem
406 2390 455 2415 ex
493 2390 582 2415 arce
617 2390 690 2414 sua
727 2381 941 2426 spectaret:
981 2389 1074 2414 nam
1110 2375 1168 2414 sic
1204 2373 1341 2413 Ovidii
1377 2374 1498 2412 verba
1531 2373 1706 2413 reddidit
1732 2373 1838 2413 ‘Wie
1871 2389 1953 2413 nun
1987 2375 2110 2414 durch
2142 2376 2214 2414 dae

226 2449 435 2502 feierliche
467 2447 592 2500 Opfer
626 2446 892 2498 aufmerlceam
923 2446 1101 2499 yemacht
1137 2441 1346 2498 [Iuppiter]
1383 2458 1459 2483 von
1492 2447 1615 2484 seiner
1649 2459 1719 2484 arx
1755 2446 1828 2484 den
1858 2446 1975 2484 Blick
2008 2446 2217 2497 aufrichtet

234 2522 317 2560 und
346 2522 419 2559 den
440 2520 629 2558 Erdlcreis
661 2518 904 2565 abeo—scham,
935 2518 1033 2556 sielct
1062 2532 1103 2555 er
1132 2519 1222 2556 dort
1249 2517 1344 2554 alles
1372 2515 1563 2555 remise-h?
1611 2515 1686 2556 Cui
1716 2518 1894 2569 opinioni
1916 2518 2021 2556 docti
2041 2518 2214 2557 hominis

235 2608 308 2633 nos
345 2606 462 2643 aegre
497 2591 661 2630 ferimus
698 2590 801 2643 quod
840 2589 1024 2629 assentiri
1060 2604 1141 2629 non
1176 2602 1404 2641 possumus3
1442 2589 1509 2641 qui
1543 2589 1660 2628 nobis
1698 2588 1852 2628 videtur
1881 2603 1981 2641 quae
2012 2589 2145 2641 cupiat
2173 2589 2213 2627 in

235 2665 370 2705 verbis
400 2664 531 2703 inesse
561 2662 707 2703 inferre
736 2661 863 2715 magis
894 2661 1190 2715 interpretando
1221 2674 1340 2714 quam
1371 2674 1471 2713 quae
1502 2661 1650 2714 scripta
1678 2666 1771 2701 sunt
1801 2661 1858 2700 sic
1888 2667 1930 2700 ut
1959 2674 2030 2713 par
2059 2669 2120 2700 est
2148 2675 2213 2700 ex-

236 2737 396 2791 plicare.
442 2735 498 2776 Ut
528 2736 634 2774 enim
654 2735 870 2786 largiamur
890 2734 1081 2773 Ovidium
1101 2748 1188 2773 eam
1210 2747 1329 2785 quam
1350 2733 1417 2771 ille
1437 2733 1563 2771 voluit
1582 2734 1821 2772 sententiam
1842 2733 2062 2784 exprimere
2083 2734 2214 2772 verbis

236 2810 425 2863 potuisse,
458 2815 590 2847 tamen
620 2814 663 2846 ut
682 2822 788 2846 nunc
808 2821 871 2846 res
893 2813 964 2857 est,
997 2821 1114 2859 quam
1136 2805 1382 2845 credibiliter
1403 2805 1588 2844 statuitur
1607 2804 1683 2844 hoc
1702 2812 1841 2857 poetae
1863 2804 2072 2844 consilium
2093 2804 2215 2844 fuisse

237 2882 342 2934 quod
377 2882 463 2933 ipse
492 2880 603 2920 nulla
631 2886 742 2932 parte
772 2878 1090 2932 patefaciendum
1120 2878 1284 2918 curavit.
1330 2877 1470 2931 Itaque
1500 2877 1533 2917 si
1563 2883 1669 2917 recte
1695 2877 1946 2930 interpretari
1967 2877 2089 2916 verba
2109 2877 2216 2916 volu·

237 2967 337 3004 mus,
368 2951 573 2992 fatendum
604 2958 665 2991 est
695 2951 793 2991 haec
824 2951 1008 2990 universe
1039 2951 1116 2989 dici
1148 2964 1276 3002 neque
1306 2950 1477 3002 pendere
1504 2964 1527 2989 a
1546 2951 1766 3002 praemissa
1792 2950 2057 3001 descriptione
2083 2955 2122 2988 et
2141 2949 2217 2988 hoc

238 3025 386 3064 sentire
422 3030 599 3076 poetam,
636 3023 774 3063 Iovem
810 3023 1137 3074 quotiescumque
1175 3027 1327 3074 spectet
1361 3023 1402 3059 in
1438 3022 1575 3060 orbem
1609 3022 1666 3059 nil
1700 3021 1778 3059 nisi
1809 3020 2032 3059 Romanum
2068 3020 2215 3059 videre.
