<?xml version="1.0" encoding="UTF-8"?>
<!DOCTYPE html PUBLIC "-//W3C//DTD XHTML 1.0 Transitional//EN"
    "http://www.w3.org/TR/xhtml1/DTD/xhtml1-transitional.dtd">
<html xmlns="http://www.w3.org/1999/xhtml" xml:lang="en" lang="en">
 <head>
  <title>
</title>
<meta http-equiv="Content-Type" content="text/html;charset=utf-8" />
  <meta name='ocr-system' content='tesseract 3.04.00' />
  <meta name='ocr-capabilities' content='ocr_page ocr_carea ocr_par ocr_line ocrx_word'/>
</head>
<body>
  <div class='ocr_page' id='page_1' title='image "4769575_0020.png"; bbox 0 0 2466 3370; ppageno 0'>
   <div class='ocr_carea' id='block_1_1' title="bbox 1212 123 1263 161">
    <p class='ocr_par' dir='ltr' id='par_1_1' title="bbox 1212 123 1263 161">
     <span class='ocr_line' id='line_1_1' title="bbox 1212 123 1263 161; baseline 0 0"><span class='ocrx_word' id='word_1_1' title='bbox 1212 123 1263 161; x_wconf 93' lang='lat'>14</span> 
     </span>
    </p>
   </div>
   <div class='ocr_carea' id='block_1_2' title="bbox 237 231 2224 1364">
    <p class='ocr_par' dir='ltr' id='par_1_2' title="bbox 237 231 2224 1364">
     <span class='ocr_line' id='line_1_2' title="bbox 245 231 2222 284; baseline 0.002 -15"><span class='ocrx_word' id='word_1_2' title='bbox 245 232 314 269; x_wconf 85' lang='lat' dir='ltr'>sed</span> <span class='ocrx_word' id='word_1_3' title='bbox 346 231 444 269; x_wconf 90' lang='lat' dir='ltr'>illud</span> <span class='ocrx_word' id='word_1_4' title='bbox 475 233 737 281; x_wconf 83' lang='lat' dir='ltr'>affirmamus,</span> <span class='ocrx_word' id='word_1_5' title='bbox 775 232 951 283; x_wconf 91' lang='lat' dir='ltr'>potuisse</span> <span class='ocrx_word' id='word_1_6' title='bbox 988 234 1172 284; x_wconf 84' lang='lat' dir='ltr'>exemplo</span> <span class='ocrx_word' id='word_1_7' title='bbox 1207 248 1310 282; x_wconf 87' lang='lat' dir='ltr'>esse,</span> <span class='ocrx_word' id='word_1_8' title='bbox 1352 247 1430 284; x_wconf 93' lang='lat' dir='ltr'>quo</span> <span class='ocrx_word' id='word_1_9' title='bbox 1461 232 1578 271; x_wconf 89' lang='lat' dir='ltr'>modo</span> <span class='ocrx_word' id='word_1_10' title='bbox 1607 232 1838 284; x_wconf 84' lang='lat' dir='ltr'>imperfecta</span> <span class='ocrx_word' id='word_1_11' title='bbox 1867 233 2039 273; x_wconf 82' lang='lat' dir='ltr'>narratio</span> <span class='ocrx_word' id='word_1_12' title='bbox 2070 233 2222 273; x_wconf 86' lang='lat' dir='ltr'>absolvi</span> 
     </span>
     <span class='ocr_line' id='line_1_3' title="bbox 245 302 2221 357; baseline 0.002 -15"><span class='ocrx_word' id='word_1_13' title='bbox 245 311 336 355; x_wconf 84' lang='lat' dir='ltr'>apte</span> <span class='ocrx_word' id='word_1_14' title='bbox 366 305 549 355; x_wconf 85' lang='lat' dir='ltr'>potuerit.</span> <span class='ocrx_word' id='word_1_15' title='bbox 595 302 706 352; x_wconf 80' lang='lat' dir='ltr'>Quos</span> <span class='ocrx_word' id='word_1_16' title='bbox 728 318 867 343; x_wconf 89' lang='lat' dir='ltr'>versus</span> <span class='ocrx_word' id='word_1_17' title='bbox 898 303 966 356; x_wconf 89' lang='lat' dir='ltr'>qui</span> <span class='ocrx_word' id='word_1_18' title='bbox 988 305 1145 357; x_wconf 88' lang='lat' dir='ltr'>spurios</span> <span class='ocrx_word' id='word_1_19' title='bbox 1167 319 1253 345; x_wconf 86' lang='lat' dir='ltr'>esse</span> <span class='ocrx_word' id='word_1_20' title='bbox 1284 304 1359 344; x_wconf 89' lang='lat' dir='ltr'>sibi</span> <span class='ocrx_word' id='word_1_21' title='bbox 1381 310 1671 356; x_wconf 83' lang='lat' dir='ltr'><strong>persuaserant,</strong></span> <span class='ocrx_word' id='word_1_22' title='bbox 1705 303 1844 346; x_wconf 85' lang='lat' dir='ltr'>saltem</span> <span class='ocrx_word' id='word_1_23' title='bbox 1867 304 2040 345; x_wconf 84' lang='lat' dir='ltr'>indicare</span> <span class='ocrx_word' id='word_1_24' title='bbox 2071 304 2221 345; x_wconf 82' lang='lat' dir='ltr'>hiatum</span> 
     </span>
     <span class='ocr_line' id='line_1_4' title="bbox 245 374 2223 430; baseline 0.001 -16"><span class='ocrx_word' id='word_1_25' title='bbox 245 374 458 425; x_wconf 87' lang='lat' dir='ltr'>debebant,</span> <span class='ocrx_word' id='word_1_26' title='bbox 498 389 576 427; x_wconf 94' lang='lat' dir='ltr'>quo</span> <span class='ocrx_word' id='word_1_27' title='bbox 611 374 721 415; x_wconf 87' lang='lat' dir='ltr'>hiatu</span> <span class='ocrx_word' id='word_1_28' title='bbox 757 374 899 415; x_wconf 88' lang='lat' dir='ltr'>similis</span> <span class='ocrx_word' id='word_1_29' title='bbox 933 376 1153 416; x_wconf 85' lang='lat' dir='ltr'>sententiae</span> <span class='ocrx_word' id='word_1_30' title='bbox 1190 374 1387 415; x_wconf 82' lang='lat' dir='ltr'>distichon</span> <span class='ocrx_word' id='word_1_31' title='bbox 1424 374 1608 415; x_wconf 83' lang='lat' dir='ltr'>haustum</span> <span class='ocrx_word' id='word_1_32' title='bbox 1646 382 1764 416; x_wconf 83' lang='lat' dir='ltr'>esset.</span> <span class='ocrx_word' id='word_1_33' title='bbox 1809 377 1991 430; x_wconf 82' lang='lat' dir='ltr'><strong>Namque</strong></span> <span class='ocrx_word' id='word_1_34' title='bbox 2029 376 2126 415; x_wconf 84' lang='lat' dir='ltr'>haec</span> <span class='ocrx_word' id='word_1_35' title='bbox 2162 384 2223 416; x_wconf 87' lang='lat' dir='ltr'>est</span> 
     </span>
     <span class='ocr_line' id='line_1_5' title="bbox 244 447 2221 502; baseline -0.001 -15"><span class='ocrx_word' id='word_1_36' title='bbox 244 447 380 488; x_wconf 83' lang='lat' dir='ltr'>Ovidii</span> <span class='ocrx_word' id='word_1_37' title='bbox 411 447 655 487; x_wconf 83' lang='lat' dir='ltr'>consuetudo</span> <span class='ocrx_word' id='word_1_38' title='bbox 688 454 729 487; x_wconf 86' lang='lat' dir='ltr'>ut</span> <span class='ocrx_word' id='word_1_39' title='bbox 758 462 782 487; x_wconf 86' lang='lat' dir='ltr'>a</span> <span class='ocrx_word' id='word_1_40' title='bbox 808 448 1075 502; x_wconf 81' lang='lat' dir='ltr'>descriptione</span> <span class='ocrx_word' id='word_1_41' title='bbox 1106 448 1181 487; x_wconf 89' lang='lat' dir='ltr'>loci</span> <span class='ocrx_word' id='word_1_42' title='bbox 1212 462 1275 487; x_wconf 89' lang='lat' dir='ltr'>res</span> <span class='ocrx_word' id='word_1_43' title='bbox 1305 454 1437 499; x_wconf 85' lang='lat' dir='ltr'>gestas</span> <span class='ocrx_word' id='word_1_44' title='bbox 1467 461 1704 500; x_wconf 88' lang='lat' dir='ltr'>componere</span> <span class='ocrx_word' id='word_1_45' title='bbox 1734 449 1927 488; x_wconf 82' lang='lat' dir='ltr'>ordiatur:</span> <span class='ocrx_word' id='word_1_46' title='bbox 1960 450 2070 487; x_wconf 87' lang='lat' dir='ltr'>cuius</span> <span class='ocrx_word' id='word_1_47' title='bbox 2100 449 2221 487; x_wconf 82' lang='lat' dir='ltr'>moris</span> 
     </span>
     <span class='ocr_line' id='line_1_6' title="bbox 244 520 2219 574; baseline 0 -14"><span class='ocrx_word' id='word_1_48' title='bbox 244 521 469 573; x_wconf 84' lang='lat' dir='ltr'>exemplum</span> <span class='ocrx_word' id='word_1_49' title='bbox 499 521 604 573; x_wconf 87' lang='lat' dir='ltr'>quod</span> <span class='ocrx_word' id='word_1_50' title='bbox 637 521 800 574; x_wconf 90' lang='lat' dir='ltr'>propius</span> <span class='ocrx_word' id='word_1_51' title='bbox 822 521 987 561; x_wconf 83' lang='lat' dir='ltr'>accedat</span> <span class='ocrx_word' id='word_1_52' title='bbox 1007 521 1056 561; x_wconf 80' lang='lat' dir='ltr'>ad</span> <span class='ocrx_word' id='word_1_53' title='bbox 1079 527 1256 560; x_wconf 84' lang='lat' dir='ltr'>nostrum</span> <span class='ocrx_word' id='word_1_54' title='bbox 1277 520 1352 559; x_wconf 90' lang='lat' dir='ltr'>hoc</span> <span class='ocrx_word' id='word_1_55' title='bbox 1381 520 1552 573; x_wconf 88' lang='lat' dir='ltr'>primum</span> <span class='ocrx_word' id='word_1_56' title='bbox 1583 521 1767 573; x_wconf 91' lang='lat' dir='ltr'>ponimus</span> <span class='ocrx_word' id='word_1_57' title='bbox 1799 535 1846 560; x_wconf 83' lang='lat' dir='ltr'>ex</span> <span class='ocrx_word' id='word_1_58' title='bbox 1866 521 1999 561; x_wconf 83' lang='lat' dir='ltr'>Fastis</span> <span class='ocrx_word' id='word_1_59' title='bbox 2025 521 2063 572; x_wconf 87' lang='lat'>5,</span> <span class='ocrx_word' id='word_1_60' title='bbox 2085 522 2165 561; x_wconf 85' lang='lat'>673</span> <span class='ocrx_word' id='word_1_61' title='bbox 2188 535 2219 560; x_wconf 87' lang='lat' dir='ltr'>s.</span> 
     </span>
     <span class='ocr_line' id='line_1_7' title="bbox 706 593 1688 646; baseline -0.001 -13"><span class='ocrx_word' id='word_1_62' title='bbox 706 595 781 633; x_wconf 86' lang='lat' dir='ltr'>Est</span> <span class='ocrx_word' id='word_1_63' title='bbox 809 609 915 646; x_wconf 82' lang='lat' dir='ltr'>aqua</span> <span class='ocrx_word' id='word_1_64' title='bbox 946 595 1139 634; x_wconf 80' lang='lat' dir='ltr'>Mercurii</span> <span class='ocrx_word' id='word_1_65' title='bbox 1163 602 1301 646; x_wconf 85' lang='lat' dir='ltr'>portae</span> <span class='ocrx_word' id='word_1_66' title='bbox 1328 595 1459 632; x_wconf 83' lang='lat' dir='ltr'>vicina</span> <span class='ocrx_word' id='word_1_67' title='bbox 1489 593 1688 646; x_wconf 81' lang='lat' dir='ltr'><em>Capenae:</em></span> 
     </span>
     <span class='ocr_line' id='line_1_8' title="bbox 774 664 1673 719; baseline -0.002 -14"><span class='ocrx_word' id='word_1_68' title='bbox 774 665 824 706; x_wconf 86' lang='lat' dir='ltr'>Si</span> <span class='ocrx_word' id='word_1_69' title='bbox 849 667 959 705; x_wconf 77' lang='lat' dir='ltr'>iuvat</span> <span class='ocrx_word' id='word_1_70' title='bbox 989 667 1156 719; x_wconf 72' lang='lat' dir='ltr'>expertis</span> <span class='ocrx_word' id='word_1_71' title='bbox 1185 666 1350 714; x_wconf 82' lang='lat' dir='ltr'>credere,</span> <span class='ocrx_word' id='word_1_72' title='bbox 1381 678 1522 704; x_wconf 87' lang='lat' dir='ltr'>numen</span> <span class='ocrx_word' id='word_1_73' title='bbox 1551 664 1673 704; x_wconf 73' lang='lat' dir='ltr'>habet.</span> 
     </span>
     <span class='ocr_line' id='line_1_9' title="bbox 706 736 2162 790; baseline -0.001 -14"><span class='ocrx_word' id='word_1_74' title='bbox 706 736 796 776; x_wconf 87' lang='lat' dir='ltr'>Huc</span> <span class='ocrx_word' id='word_1_75' title='bbox 827 739 931 777; x_wconf 74' lang='lat' dir='ltr'>venit</span> <span class='ocrx_word' id='word_1_76' title='bbox 959 738 1149 777; x_wconf 86' lang='lat' dir='ltr'>incinctus</span> <span class='ocrx_word' id='word_1_77' title='bbox 1178 738 1351 776; x_wconf 83' lang='lat' dir='ltr'>tunicam</span> <span class='ocrx_word' id='word_1_78' title='bbox 1376 745 1568 776; x_wconf 87' lang='lat' dir='ltr'>mercator</span> <span class='ocrx_word' id='word_1_79' title='bbox 1596 745 1632 775; x_wconf 90' lang='lat' dir='ltr'>et</span> <span class='ocrx_word' id='word_1_80' title='bbox 1660 750 1762 775; x_wconf 88' lang='lat' dir='ltr'>urna</span> <span class='ocrx_word' id='word_1_81' title='bbox 1785 768 1792 776; x_wconf 95' lang='lat'>.</span> <span class='ocrx_word' id='word_1_82' title='bbox 1815 766 1824 775; x_wconf 91' lang='lat'><strong>.</strong></span> <span class='ocrx_word' id='word_1_83' title='bbox 1847 737 1980 776; x_wconf 75' lang='lat' dir='ltr'>haurit</span> <span class='ocrx_word' id='word_1_84' title='bbox 2007 752 2162 790; x_wconf 83' lang='lat' dir='ltr'>aquam.</span> 
     </span>
     <span class='ocr_line' id='line_1_10' title="bbox 241 808 2220 860; baseline 0 -14"><span class='ocrx_word' id='word_1_85' title='bbox 241 809 293 847; x_wconf 89' lang='lat' dir='ltr'>Et</span> <span class='ocrx_word' id='word_1_86' title='bbox 331 822 573 860; x_wconf 84' lang='lat' dir='ltr'>quamquam</span> <span class='ocrx_word' id='word_1_87' title='bbox 609 808 683 847; x_wconf 86' lang='lat' dir='ltr'>hoc</span> <span class='ocrx_word' id='word_1_88' title='bbox 719 822 844 858; x_wconf 86' lang='lat' dir='ltr'>genus</span> <span class='ocrx_word' id='word_1_89' title='bbox 880 809 1043 847; x_wconf 88' lang='lat' dir='ltr'>minime</span> <span class='ocrx_word' id='word_1_90' title='bbox 1077 809 1255 859; x_wconf 86' lang='lat' dir='ltr'>ignotum</span> <span class='ocrx_word' id='word_1_91' title='bbox 1292 815 1368 856; x_wconf 88' lang='lat' dir='ltr'>est,</span> <span class='ocrx_word' id='word_1_92' title='bbox 1407 822 1483 859; x_wconf 91' lang='lat' dir='ltr'>quo</span> <span class='ocrx_word' id='word_1_93' title='bbox 1518 808 1611 846; x_wconf 90' lang='lat' dir='ltr'>inde</span> <span class='ocrx_word' id='word_1_94' title='bbox 1641 808 1691 846; x_wconf 87' lang='lat' dir='ltr'>ab</span> <span class='ocrx_word' id='word_1_95' title='bbox 1721 808 1948 848; x_wconf 86' lang='lat' dir='ltr'>Homericis</span> <span class='ocrx_word' id='word_1_96' title='bbox 1978 809 2220 848; x_wconf 86' lang='lat' dir='ltr'>carminibus</span> 
     </span>
     <span class='ocr_line' id='line_1_11' title="bbox 240 877 2220 932; baseline -0.001 -13"><span class='ocrx_word' id='word_1_97' title='bbox 240 880 371 919; x_wconf 90' lang='lat' dir='ltr'>nullus</span> <span class='ocrx_word' id='word_1_98' title='bbox 402 894 479 918; x_wconf 88' lang='lat' dir='ltr'>non</span> <span class='ocrx_word' id='word_1_99' title='bbox 512 886 718 932; x_wconf 85' lang='lat' dir='ltr'>poetarum</span> <span class='ocrx_word' id='word_1_100' title='bbox 756 879 840 918; x_wconf 87' lang='lat' dir='ltr'>sive</span> <span class='ocrx_word' id='word_1_101' title='bbox 872 877 1115 918; x_wconf 85' lang='lat' dir='ltr'>Graecorum</span> <span class='ocrx_word' id='word_1_102' title='bbox 1153 879 1235 918; x_wconf 89' lang='lat' dir='ltr'>sive</span> <span class='ocrx_word' id='word_1_103' title='bbox 1265 877 1538 917; x_wconf 86' lang='lat' dir='ltr'>Romanorum</span> <span class='ocrx_word' id='word_1_104' title='bbox 1576 892 1668 917; x_wconf 90' lang='lat' dir='ltr'>usus</span> <span class='ocrx_word' id='word_1_105' title='bbox 1700 885 1775 929; x_wconf 87' lang='lat' dir='ltr'>est,</span> <span class='ocrx_word' id='word_1_106' title='bbox 1813 879 1861 918; x_wconf 87' lang='lat' dir='ltr'>dc</span> <span class='ocrx_word' id='word_1_107' title='bbox 1897 893 1974 932; x_wconf 93' lang='lat' dir='ltr'>quo</span> <span class='ocrx_word' id='word_1_108' title='bbox 2005 878 2220 919; x_wconf 87' lang='lat' dir='ltr'>Schneide-</span> 
     </span>
     <span class='ocr_line' id='line_1_12' title="bbox 239 951 2218 1004; baseline 0 -14"><span class='ocrx_word' id='word_1_109' title='bbox 239 953 367 992; x_wconf 90' lang='lat' dir='ltr'>winus</span> <span class='ocrx_word' id='word_1_110' title='bbox 398 952 591 991; x_wconf 82' lang='lat' dir='ltr'>nonnulla</span> <span class='ocrx_word' id='word_1_111' title='bbox 621 952 735 990; x_wconf 84' lang='lat' dir='ltr'>affert</span> <span class='ocrx_word' id='word_1_112' title='bbox 764 952 806 990; x_wconf 93' lang='lat' dir='ltr'>in</span> <span class='ocrx_word' id='word_1_113' title='bbox 827 951 1025 1003; x_wconf 84' lang='lat' dir='ltr'>Philologi</span> <span class='ocrx_word' id='word_1_114' title='bbox 1059 952 1116 991; x_wconf 91' lang='lat' dir='ltr'>sui</span> <span class='ocrx_word' id='word_1_115' title='bbox 1139 952 1265 1004; x_wconf 89' lang='lat' dir='ltr'>primo</span> <span class='ocrx_word' id='word_1_116' title='bbox 1286 966 1322 1003; x_wconf 93' lang='lat' dir='ltr'>p.</span> <span class='ocrx_word' id='word_1_117' title='bbox 1347 952 1438 1002; x_wconf 79' lang='lat'>380,</span> <span class='ocrx_word' id='word_1_118' title='bbox 1472 958 1604 990; x_wconf 86' lang='lat' dir='ltr'>tamen</span> <span class='ocrx_word' id='word_1_119' title='bbox 1626 951 1794 991; x_wconf 83' lang='lat' dir='ltr'>fortasse</span> <span class='ocrx_word' id='word_1_120' title='bbox 1816 966 1895 990; x_wconf 90' lang='lat' dir='ltr'>non</span> <span class='ocrx_word' id='word_1_121' title='bbox 1925 952 2059 1004; x_wconf 87' lang='lat' dir='ltr'>inepte</span> <span class='ocrx_word' id='word_1_122' title='bbox 2090 952 2218 1003; x_wconf 83' lang='lat' dir='ltr'>egisse</span> 
     </span>
     <span class='ocr_line' id='line_1_13' title="bbox 240 1022 2218 1076; baseline -0.001 -13"><span class='ocrx_word' id='word_1_123' title='bbox 240 1025 464 1063; x_wconf 84' lang='lat' dir='ltr'>videbimur</span> <span class='ocrx_word' id='word_1_124' title='bbox 494 1024 599 1076; x_wconf 92' lang='lat' dir='ltr'>quod</span> <span class='ocrx_word' id='word_1_125' title='bbox 621 1024 832 1063; x_wconf 81' lang='lat' dir='ltr'>Fastorum</span> <span class='ocrx_word' id='word_1_126' title='bbox 855 1024 1016 1076; x_wconf 84' lang='lat' dir='ltr'>quidem</span> <span class='ocrx_word' id='word_1_127' title='bbox 1038 1024 1217 1076; x_wconf 85' lang='lat' dir='ltr'>exempla</span> <span class='ocrx_word' id='word_1_128' title='bbox 1238 1022 1439 1062; x_wconf 85' lang='lat' dir='ltr'>Ovidiana</span> <span class='ocrx_word' id='word_1_129' title='bbox 1458 1023 1703 1075; x_wconf 85' lang='lat' dir='ltr'>collegimus,</span> <span class='ocrx_word' id='word_1_130' title='bbox 1736 1038 1903 1075; x_wconf 89' lang='lat' dir='ltr'>quorum</span> <span class='ocrx_word' id='word_1_131' title='bbox 1934 1024 2120 1076; x_wconf 86' lang='lat' dir='ltr'>pleraque</span> <span class='ocrx_word' id='word_1_132' title='bbox 2152 1024 2218 1062; x_wconf 87' lang='lat' dir='ltr'>illo</span> 
     </span>
     <span class='ocr_line' id='line_1_14' title="bbox 240 1095 2224 1148; baseline 0 -14"><span class='ocrx_word' id='word_1_133' title='bbox 240 1097 355 1135; x_wconf 91' lang='lat' dir='ltr'>modo</span> <span class='ocrx_word' id='word_1_134' title='bbox 395 1097 598 1147; x_wconf 83' lang='lat' dir='ltr'>regionem</span> <span class='ocrx_word' id='word_1_135' title='bbox 635 1095 877 1147; x_wconf 84' lang='lat' dir='ltr'>descriptam</span> <span class='ocrx_word' id='word_1_136' title='bbox 913 1095 1079 1145; x_wconf 79' lang='lat' dir='ltr'>habent,</span> <span class='ocrx_word' id='word_1_137' title='bbox 1125 1095 1316 1134; x_wconf 84' lang='lat' dir='ltr'>nonnulla</span> <span class='ocrx_word' id='word_1_138' title='bbox 1359 1095 1589 1147; x_wconf 87' lang='lat' dir='ltr'>ceteroquin</span> <span class='ocrx_word' id='word_1_139' title='bbox 1634 1095 1772 1134; x_wconf 84' lang='lat' dir='ltr'>eadem</span> <span class='ocrx_word' id='word_1_140' title='bbox 1810 1096 1963 1134; x_wconf 86' lang='lat' dir='ltr'>ratione</span> <span class='ocrx_word' id='word_1_141' title='bbox 1999 1097 2224 1148; x_wconf 29' lang='lat' dir='ltr'>composita,</span> 
     </span>
     <span class='ocr_line' id='line_1_15' title="bbox 237 1184 461 1222; baseline 0.009 -15"><span class='ocrx_word' id='word_1_142' title='bbox 237 1184 461 1222; x_wconf 83' lang='lat' dir='ltr'>personam.</span> 
     </span>
     <span class='ocr_line' id='line_1_16' title="bbox 509 1240 1614 1293; baseline -0.002 -12"><span class='ocrx_word' id='word_1_143' title='bbox 509 1243 543 1291; x_wconf 87' lang='lat'>1,</span> <span class='ocrx_word' id='word_1_144' title='bbox 562 1242 642 1281; x_wconf 82' lang='grc'>469</span> <span class='ocrx_word' id='word_1_145' title='bbox 704 1240 802 1280; x_wconf 85' lang='lat' dir='ltr'>Orta</span> <span class='ocrx_word' id='word_1_146' title='bbox 829 1242 946 1292; x_wconf 86' lang='lat' dir='ltr'>prior</span> <span class='ocrx_word' id='word_1_147' title='bbox 976 1240 1083 1290; x_wconf 86' lang='lat' dir='ltr'>luna,</span> <span class='ocrx_word' id='word_1_148' title='bbox 1115 1241 1161 1279; x_wconf 86' lang='lat' dir='ltr'>de</span> <span class='ocrx_word' id='word_1_149' title='bbox 1189 1254 1228 1279; x_wconf 85' lang='lat' dir='ltr'>se</span> <span class='ocrx_word' id='word_1_150' title='bbox 1256 1241 1293 1279; x_wconf 85' lang='lat' dir='ltr'>si</span> <span class='ocrx_word' id='word_1_151' title='bbox 1320 1241 1492 1280; x_wconf 84' lang='lat' dir='ltr'>creditur</span> <span class='ocrx_word' id='word_1_152' title='bbox 1520 1241 1614 1293; x_wconf 87' lang='lat' dir='ltr'>ipsi,</span> 
     </span>
     <span class='ocr_line' id='line_1_17' title="bbox 770 1311 1628 1364; baseline 0 -14"><span class='ocrx_word' id='word_1_153' title='bbox 770 1312 807 1350; x_wconf 89' lang='lat' dir='ltr'><strong><em>A</em></strong></span> <span class='ocrx_word' id='word_1_154' title='bbox 839 1326 982 1364; x_wconf 74' lang='lat' dir='ltr'>mayno</span> <span class='ocrx_word' id='word_1_155' title='bbox 1013 1311 1124 1351; x_wconf 84' lang='lat' dir='ltr'>tellus</span> <span class='ocrx_word' id='word_1_156' title='bbox 1153 1312 1309 1351; x_wconf 77' lang='lat' dir='ltr'>Arcade</span> <span class='ocrx_word' id='word_1_157' title='bbox 1337 1326 1476 1351; x_wconf 88' lang='lat' dir='ltr'>nomen</span> <span class='ocrx_word' id='word_1_158' title='bbox 1505 1311 1628 1351; x_wconf 77' lang='lat' dir='ltr'>habet.</span> 
     </span>
    </p>
   </div>
   <div class='ocr_carea' id='block_1_3' title="bbox 703 1383 1122 1435">
    <p class='ocr_par' dir='ltr' id='par_1_3' title="bbox 703 1383 1122 1435">
     <span class='ocr_line' id='line_1_18' title="bbox 703 1383 1122 1435; baseline 0.002 -13"><span class='ocrx_word' id='word_1_159' title='bbox 703 1383 782 1423; x_wconf 91' lang='lat' dir='ltr'>Hic</span> <span class='ocrx_word' id='word_1_160' title='bbox 800 1383 891 1435; x_wconf 86' lang='lat' dir='ltr'>fuit</span> <span class='ocrx_word' id='word_1_161' title='bbox 919 1383 1122 1423; x_wconf 83' lang='lat' dir='ltr'>Euander.</span> 
     </span>
    </p>
   </div>
   <div class='ocr_carea' id='block_1_4' title="bbox 503 1467 1841 2789">
    <p class='ocr_par' dir='ltr' id='par_1_4' title="bbox 503 1467 1841 2789">
     <span class='ocr_line' id='line_1_19' title="bbox 507 1467 1689 1519; baseline -0.002 -13"><span class='ocrx_word' id='word_1_162' title='bbox 507 1469 542 1518; x_wconf 76' lang='lat'>2,</span> <span class='ocrx_word' id='word_1_163' title='bbox 561 1469 641 1506; x_wconf 76' lang='lat'>435</span> <span class='ocrx_word' id='word_1_164' title='bbox 699 1467 832 1505; x_wconf 69' lang='lat' dir='ltr'>blonte</span> <span class='ocrx_word' id='word_1_165' title='bbox 861 1467 931 1505; x_wconf 86' lang='lat' dir='ltr'>sub</span> <span class='ocrx_word' id='word_1_166' title='bbox 960 1468 1143 1519; x_wconf 79' lang='lat' dir='ltr'>Esquilio</span> <span class='ocrx_word' id='word_1_167' title='bbox 1172 1468 1302 1505; x_wconf 83' lang='lat' dir='ltr'>multis</span> <span class='ocrx_word' id='word_1_168' title='bbox 1331 1468 1544 1505; x_wconf 79' lang='lat' dir='ltr'>incaeduus</span> <span class='ocrx_word' id='word_1_169' title='bbox 1574 1469 1689 1505; x_wconf 80' lang='lat' dir='ltr'>annis</span> 
     </span>
     <span class='ocr_line' id='line_1_20' title="bbox 770 1539 1571 1590; baseline 0 -13"><span class='ocrx_word' id='word_1_170' title='bbox 770 1539 931 1577; x_wconf 69' lang='lat' dir='ltr'>Iunonis</span> <span class='ocrx_word' id='word_1_171' title='bbox 961 1553 1129 1590; x_wconf 62' lang='lat' dir='ltr'>‘maynae</span> <span class='ocrx_word' id='word_1_172' title='bbox 1157 1541 1310 1577; x_wconf 87' lang='lat' dir='ltr'>nomine</span> <span class='ocrx_word' id='word_1_173' title='bbox 1339 1539 1447 1577; x_wconf 83' lang='lat' dir='ltr'>lucus</span> <span class='ocrx_word' id='word_1_174' title='bbox 1477 1547 1571 1578; x_wconf 79' lang='lat' dir='ltr'>erat.</span> 
     </span>
     <span class='ocr_line' id='line_1_21' title="bbox 700 1610 1263 1650; baseline -0.002 -1"><span class='ocrx_word' id='word_1_175' title='bbox 700 1610 791 1650; x_wconf 89' lang='lat' dir='ltr'>Huc</span> <span class='ocrx_word' id='word_1_176' title='bbox 819 1610 890 1649; x_wconf 87' lang='lat' dir='ltr'>ubi</span> <span class='ocrx_word' id='word_1_177' title='bbox 917 1618 1104 1649; x_wconf 85' lang='lat' dir='ltr'>venerunt</span> <span class='ocrx_word' id='word_1_178' title='bbox 1133 1631 1183 1636; x_wconf 92' lang='lat'>—</span> <span class='ocrx_word' id='word_1_179' title='bbox 1218 1632 1263 1636; x_wconf 89' lang='lat'><strong>—</strong></span> 
     </span>
     <span class='ocr_line' id='line_1_22' title="bbox 509 1693 1682 1745; baseline -0.003 -13"><span class='ocrx_word' id='word_1_180' title='bbox 509 1694 545 1744; x_wconf 68' lang='lat'>⁶2,</span> <span class='ocrx_word' id='word_1_181' title='bbox 565 1693 646 1732; x_wconf 83' lang='lat'>443</span> <span class='ocrx_word' id='word_1_182' title='bbox 705 1693 848 1745; x_wconf 74' lang='lat' dir='ltr'>Auyur</span> <span class='ocrx_word' id='word_1_183' title='bbox 877 1700 973 1740; x_wconf 86' lang='lat' dir='ltr'>erat,</span> <span class='ocrx_word' id='word_1_184' title='bbox 1003 1706 1144 1731; x_wconf 86' lang='lat' dir='ltr'>nomen</span> <span class='ocrx_word' id='word_1_185' title='bbox 1174 1693 1299 1745; x_wconf 69' lang='lat' dir='ltr'>lonqis</span> <span class='ocrx_word' id='word_1_186' title='bbox 1327 1694 1523 1731; x_wconf 74' lang='lat' dir='ltr'>intercidit</span> <span class='ocrx_word' id='word_1_187' title='bbox 1553 1695 1682 1740; x_wconf 81' lang='lat' dir='ltr'>annis,</span> 
     </span>
     <span class='ocr_line' id='line_1_23' title="bbox 768 1764 1642 1817; baseline 0.001 -15"><span class='ocrx_word' id='word_1_188' title='bbox 768 1764 908 1817; x_wconf 82' lang='lat' dir='ltr'>Nuper</span> <span class='ocrx_word' id='word_1_189' title='bbox 936 1765 986 1803; x_wconf 89' lang='lat' dir='ltr'>ab</span> <span class='ocrx_word' id='word_1_190' title='bbox 1018 1765 1188 1803; x_wconf 85' lang='lat' dir='ltr'>Etrusca</span> <span class='ocrx_word' id='word_1_191' title='bbox 1217 1773 1371 1803; x_wconf 76' lang='lat' dir='ltr'>venerat</span> <span class='ocrx_word' id='word_1_192' title='bbox 1398 1765 1489 1803; x_wconf 70' lang='lat' dir='ltr'>exul</span> <span class='ocrx_word' id='word_1_193' title='bbox 1514 1766 1642 1804; x_wconf 74' lang='lat' dir='ltr'>humo.</span> 
     </span>
     <span class='ocr_line' id='line_1_24' title="bbox 700 1836 1155 1890; baseline -0.002 -14"><span class='ocrx_word' id='word_1_194' title='bbox 700 1836 775 1876; x_wconf 89' lang='lat' dir='ltr'>Ille</span> <span class='ocrx_word' id='word_1_195' title='bbox 806 1852 970 1890; x_wconf 87' lang='lat' dir='ltr'>caprum</span> <span class='ocrx_word' id='word_1_196' title='bbox 999 1844 1155 1877; x_wconf 85' lang='lat' dir='ltr'>mactat.</span> 
     </span>
     <span class='ocr_line' id='line_1_25' title="bbox 508 1919 1706 1971; baseline -0.003 -13"><span class='ocrx_word' id='word_1_197' title='bbox 508 1920 544 1969; x_wconf 79' lang='lat'>2,</span> <span class='ocrx_word' id='word_1_198' title='bbox 563 1920 639 1958; x_wconf 71' lang='lat'>491</span> <span class='ocrx_word' id='word_1_199' title='bbox 701 1919 774 1958; x_wconf 76' lang='lat' dir='ltr'>Est</span> <span class='ocrx_word' id='word_1_200' title='bbox 805 1919 925 1968; x_wconf 80' lang='lat' dir='ltr'>locus,</span> <span class='ocrx_word' id='word_1_201' title='bbox 956 1920 1114 1971; x_wconf 80' lang='lat' dir='ltr'>antiqui</span> <span class='ocrx_word' id='word_1_202' title='bbox 1143 1920 1316 1971; x_wconf 82' lang='lat' dir='ltr'>Capreae</span> <span class='ocrx_word' id='word_1_203' title='bbox 1345 1920 1476 1956; x_wconf 72' lang='lat' dir='ltr'>dixere</span> <span class='ocrx_word' id='word_1_204' title='bbox 1503 1919 1706 1970; x_wconf 80' lang='lat' dir='ltr'>paludem:</span> 
     </span>
     <span class='ocr_line' id='line_1_26' title="bbox 765 1992 1612 2040; baseline 0 -10"><span class='ocrx_word' id='word_1_205' title='bbox 765 1993 881 2031; x_wconf 86' lang='lat' dir='ltr'>Forte</span> <span class='ocrx_word' id='word_1_206' title='bbox 910 1994 986 2030; x_wconf 86' lang='lat' dir='ltr'>tuis</span> <span class='ocrx_word' id='word_1_207' title='bbox 1017 1992 1113 2040; x_wconf 89' lang='lat' dir='ltr'>illic,</span> <span class='ocrx_word' id='word_1_208' title='bbox 1148 1992 1324 2040; x_wconf 86' lang='lat' dir='ltr'>Romule,</span> <span class='ocrx_word' id='word_1_209' title='bbox 1355 1993 1445 2031; x_wconf 86' lang='lat' dir='ltr'>iura</span> <span class='ocrx_word' id='word_1_210' title='bbox 1476 1992 1612 2031; x_wconf 88' lang='lat' dir='ltr'>dabas.</span> 
     </span>
     <span class='ocr_line' id='line_1_27' title="bbox 505 2073 1841 2127; baseline -0.002 -13"><span class='ocrx_word' id='word_1_211' title='bbox 505 2076 542 2124; x_wconf 79' lang='lat'>2,</span> <span class='ocrx_word' id='word_1_212' title='bbox 561 2076 639 2114; x_wconf 71' lang='lat'>(579</span> <span class='ocrx_word' id='word_1_213' title='bbox 699 2074 770 2113; x_wconf 83' lang='lat' dir='ltr'>Est</span> <span class='ocrx_word' id='word_1_214' title='bbox 799 2076 878 2124; x_wconf 82' lang='lat' dir='ltr'>via,</span> <span class='ocrx_word' id='word_1_215' title='bbox 911 2089 1011 2126; x_wconf 83' lang='lat' dir='ltr'>quae</span> <span class='ocrx_word' id='word_1_216' title='bbox 1038 2074 1232 2127; x_wconf 83' lang='lat' dir='ltr'>populum</span> <span class='ocrx_word' id='word_1_217' title='bbox 1262 2073 1473 2113; x_wconf 87' lang='lat' dir='ltr'>Laurentes</span> <span class='ocrx_word' id='word_1_218' title='bbox 1503 2075 1610 2113; x_wconf 88' lang='lat' dir='ltr'>ducit</span> <span class='ocrx_word' id='word_1_219' title='bbox 1638 2076 1681 2112; x_wconf 88' lang='lat' dir='ltr'>in</span> <span class='ocrx_word' id='word_1_220' title='bbox 1710 2088 1841 2126; x_wconf 68' lang='grc' dir='ltr'><em>(ιφ-οε,</em></span> 
     </span>
     <span class='ocr_line' id='line_1_28' title="bbox 767 2145 1652 2197; baseline 0.001 -14"><span class='ocrx_word' id='word_1_221' title='bbox 767 2145 977 2193; x_wconf 83' lang='lat' dir='ltr'>Quondam</span> <span class='ocrx_word' id='word_1_222' title='bbox 1007 2146 1222 2184; x_wconf 83' lang='lat' dir='ltr'>Dardanio</span> <span class='ocrx_word' id='word_1_223' title='bbox 1252 2159 1372 2197; x_wconf 74' lang='lat' dir='ltr'>reyna</span> <span class='ocrx_word' id='word_1_224' title='bbox 1396 2147 1521 2197; x_wconf 88' lang='lat' dir='ltr'>petita</span> <span class='ocrx_word' id='word_1_225' title='bbox 1549 2147 1652 2184; x_wconf 83' lang='lat' dir='ltr'>duci.</span> 
     </span>
     <span class='ocr_line' id='line_1_29' title="bbox 696 2215 1631 2270; baseline -0.003 -13"><span class='ocrx_word' id='word_1_226' title='bbox 696 2216 772 2257; x_wconf 84' lang='lat' dir='ltr'>Illa</span> <span class='ocrx_word' id='word_1_227' title='bbox 801 2217 972 2270; x_wconf 76' lang='lat' dir='ltr'>laniyeri</span> <span class='ocrx_word' id='word_1_228' title='bbox 994 2218 1151 2270; x_wconf 81' lang='lat' dir='ltr'>pecoris</span> <span class='ocrx_word' id='word_1_229' title='bbox 1181 2216 1265 2266; x_wconf 85' lang='lat' dir='ltr'>tibi,</span> <span class='ocrx_word' id='word_1_230' title='bbox 1303 2215 1492 2266; x_wconf 79' lang='lat' dir='ltr'>Termine,</span> <span class='ocrx_word' id='word_1_231' title='bbox 1512 2216 1631 2268; x_wconf 81' lang='lat' dir='ltr'>fibris</span> 
     </span>
     <span class='ocr_line' id='line_1_30' title="bbox 767 2287 1645 2340; baseline -0.001 -13"><span class='ocrx_word' id='word_1_232' title='bbox 767 2288 895 2328; x_wconf 83' lang='lat' dir='ltr'>Sacra</span> <span class='ocrx_word' id='word_1_233' title='bbox 923 2289 1028 2327; x_wconf 84' lang='lat' dir='ltr'>videt</span> <span class='ocrx_word' id='word_1_234' title='bbox 1045 2289 1144 2339; x_wconf 87' lang='lat' dir='ltr'>fieri</span> <span class='ocrx_word' id='word_1_235' title='bbox 1170 2294 1300 2326; x_wconf 67' lang='lat' dir='ltr'>sextus</span> <span class='ocrx_word' id='word_1_236' title='bbox 1331 2287 1378 2324; x_wconf 84' lang='lat' dir='ltr'>ab</span> <span class='ocrx_word' id='word_1_237' title='bbox 1408 2287 1501 2326; x_wconf 82' lang='lat' dir='ltr'>urbe</span> <span class='ocrx_word' id='word_1_238' title='bbox 1531 2289 1645 2340; x_wconf 84' lang='lat' dir='ltr'>Iapis.</span> 
     </span>
     <span class='ocr_line' id='line_1_31' title="bbox 504 2370 1676 2420; baseline -0.003 -10"><span class='ocrx_word' id='word_1_239' title='bbox 504 2372 540 2418; x_wconf 76' lang='lat'>2,</span> <span class='ocrx_word' id='word_1_240' title='bbox 563 2372 641 2411; x_wconf 75' lang='lat'>703</span> <span class='ocrx_word' id='word_1_241' title='bbox 675 2387 677 2389; x_wconf 94' lang='lat'>·</span> <span class='ocrx_word' id='word_1_242' title='bbox 702 2371 851 2409; x_wconf 83' lang='lat' dir='ltr'>Hortus</span> <span class='ocrx_word' id='word_1_243' title='bbox 886 2372 1060 2409; x_wconf 81' lang='lat' dir='ltr'>odoratis</span> <span class='ocrx_word' id='word_1_244' title='bbox 1089 2370 1246 2409; x_wconf 89' lang='lat' dir='ltr'>suberat</span> <span class='ocrx_word' id='word_1_245' title='bbox 1275 2370 1510 2408; x_wconf 82' lang='lat' dir='ltr'>cultissimus</span> <span class='ocrx_word' id='word_1_246' title='bbox 1537 2370 1676 2420; x_wconf 75' lang='lat' dir='ltr'>herbis,</span> 
     </span>
     <span class='ocr_line' id='line_1_32' title="bbox 764 2442 1683 2494; baseline 0 -13"><span class='ocrx_word' id='word_1_247' title='bbox 764 2442 898 2481; x_wconf 82' lang='lat' dir='ltr'>Sectus</span> <span class='ocrx_word' id='word_1_248' title='bbox 927 2443 1086 2481; x_wconf 76' lang='lat' dir='ltr'>humum</span> <span class='ocrx_word' id='word_1_249' title='bbox 1114 2444 1200 2481; x_wconf 85' lang='lat' dir='ltr'>rivo</span> <span class='ocrx_word' id='word_1_250' title='bbox 1232 2443 1314 2481; x_wconf 88' lang='lat' dir='ltr'>lene</span> <span class='ocrx_word' id='word_1_251' title='bbox 1342 2444 1517 2481; x_wconf 84' lang='lat' dir='ltr'>sonantis</span> <span class='ocrx_word' id='word_1_252' title='bbox 1545 2457 1683 2494; x_wconf 86' lang='lat' dir='ltr'>aquae.</span> 
     </span>
     <span class='ocr_line' id='line_1_33' title="bbox 695 2513 1588 2569; baseline 0 -14"><span class='ocrx_word' id='word_1_253' title='bbox 695 2513 785 2555; x_wconf 83' lang='lat' dir='ltr'>Illic</span> <span class='ocrx_word' id='word_1_254' title='bbox 820 2513 1062 2569; x_wconf 74' lang='lat' dir='ltr'>Tarquinius</span> <span class='ocrx_word' id='word_1_255' title='bbox 1092 2515 1283 2555; x_wconf 87' lang='lat' dir='ltr'>mandata</span> <span class='ocrx_word' id='word_1_256' title='bbox 1312 2513 1473 2554; x_wconf 83' lang='lat' dir='ltr'>latentia</span> <span class='ocrx_word' id='word_1_257' title='bbox 1501 2516 1588 2555; x_wconf 86' lang='lat' dir='ltr'>nati</span> 
     </span>
     <span class='ocr_line' id='line_1_34' title="bbox 763 2587 1084 2640; baseline 0 -15"><span class='ocrx_word' id='word_1_258' title='bbox 763 2587 922 2640; x_wconf 81' lang='lat' dir='ltr'>Accipit</span> <span class='ocrx_word' id='word_1_259' title='bbox 952 2607 999 2613; x_wconf 93' lang='grc'><strong>-</strong></span> <span class='ocrx_word' id='word_1_260' title='bbox 1033 2608 1084 2613; x_wconf 83' lang='grc'><strong>-</strong></span> 
     </span>
     <span class='ocr_line' id='line_1_35' title="bbox 503 2666 1608 2718; baseline 0 -14"><span class='ocrx_word' id='word_1_261' title='bbox 503 2666 539 2715; x_wconf 89' lang='lat'>3,</span> <span class='ocrx_word' id='word_1_262' title='bbox 559 2667 639 2705; x_wconf 80' lang='lat'>263</span> <span class='ocrx_word' id='word_1_263' title='bbox 710 2666 831 2705; x_wconf 84' lang='lat' dir='ltr'>Vallis</span> <span class='ocrx_word' id='word_1_264' title='bbox 863 2666 1050 2704; x_wconf 78' lang='lat' dir='ltr'>Aricinae</span> <span class='ocrx_word' id='word_1_265' title='bbox 1079 2666 1179 2704; x_wconf 85' lang='lat' dir='ltr'>silva</span> <span class='ocrx_word' id='word_1_266' title='bbox 1202 2666 1453 2718; x_wconf 85' lang='lat' dir='ltr'>praecinctus</span> <span class='ocrx_word' id='word_1_267' title='bbox 1483 2679 1608 2718; x_wconf 87' lang='lat' dir='ltr'>opaca</span> 
     </span>
     <span class='ocr_line' id='line_1_36' title="bbox 760 2737 1544 2789; baseline 0.001 -14"><span class='ocrx_word' id='word_1_268' title='bbox 760 2737 834 2775; x_wconf 86' lang='lat' dir='ltr'>Est</span> <span class='ocrx_word' id='word_1_269' title='bbox 861 2738 982 2786; x_wconf 83' lang='lat' dir='ltr'>lacus,</span> <span class='ocrx_word' id='word_1_270' title='bbox 1013 2739 1180 2789; x_wconf 79' lang='lat' dir='ltr'>antiqua</span> <span class='ocrx_word' id='word_1_271' title='bbox 1208 2738 1397 2788; x_wconf 72' lang='lat' dir='ltr'>reliyione</span> <span class='ocrx_word' id='word_1_272' title='bbox 1425 2751 1544 2777; x_wconf 84' lang='lat' dir='ltr'>sacer.</span> 
     </span>
    </p>
   </div>
   <div class='ocr_carea' id='block_1_5' title="bbox 693 2806 1335 2862">
    <p class='ocr_par' dir='ltr' id='par_1_5' title="bbox 693 2806 1335 2862">
     <span class='ocr_line' id='line_1_37' title="bbox 693 2806 1335 2862; baseline 0.002 -15"><span class='ocrx_word' id='word_1_273' title='bbox 693 2806 774 2847; x_wconf 86' lang='lat' dir='ltr'>Hic</span> <span class='ocrx_word' id='word_1_274' title='bbox 805 2808 897 2848; x_wconf 87' lang='lat' dir='ltr'>latet</span> <span class='ocrx_word' id='word_1_275' title='bbox 925 2808 1169 2862; x_wconf 73' lang='lat' dir='ltr'>Hippolytus</span> <span class='ocrx_word' id='word_1_276' title='bbox 1200 2830 1249 2835; x_wconf 92' lang='lat'>—-</span> <span class='ocrx_word' id='word_1_277' title='bbox 1285 2832 1335 2838; x_wconf 97' lang='lat'>—</span> 
     </span>
    </p>
   </div>
   <div class='ocr_carea' id='block_1_6' title="bbox 501 2891 1688 3087">
    <p class='ocr_par' dir='ltr' id='par_1_6' title="bbox 501 2891 1688 3087">
     <span class='ocr_line' id='line_1_38' title="bbox 501 2891 1688 2943; baseline 0 -13"><span class='ocrx_word' id='word_1_278' title='bbox 501 2892 537 2941; x_wconf 87' lang='lat'>3,</span> <span class='ocrx_word' id='word_1_279' title='bbox 555 2891 635 2930; x_wconf 79' lang='lat'>295</span> <span class='ocrx_word' id='word_1_280' title='bbox 696 2891 828 2930; x_wconf 84' lang='lat' dir='ltr'>Lucus</span> <span class='ocrx_word' id='word_1_281' title='bbox 857 2892 1051 2930; x_wconf 87' lang='lat' dir='ltr'>Aventino</span> <span class='ocrx_word' id='word_1_282' title='bbox 1081 2892 1238 2931; x_wconf 86' lang='lat' dir='ltr'>suberat</span> <span class='ocrx_word' id='word_1_283' title='bbox 1264 2893 1379 2943; x_wconf 73' lang='lat' dir='ltr'>niqer</span> <span class='ocrx_word' id='word_1_284' title='bbox 1405 2891 1508 2929; x_wconf 87' lang='lat' dir='ltr'>ilicis</span> <span class='ocrx_word' id='word_1_285' title='bbox 1537 2891 1688 2939; x_wconf 81' lang='lat' dir='ltr'>umbra,</span> 
     </span>
     <span class='ocr_line' id='line_1_39' title="bbox 762 2961 1613 3015; baseline -0.001 -13"><span class='ocrx_word' id='word_1_286' title='bbox 762 2964 846 3011; x_wconf 85' lang='lat' dir='ltr'>Quo</span> <span class='ocrx_word' id='word_1_287' title='bbox 872 2978 1008 3015; x_wconf 84' lang='lat' dir='ltr'>posses</span> <span class='ocrx_word' id='word_1_288' title='bbox 1037 2965 1119 3003; x_wconf 83' lang='lat' dir='ltr'>viso</span> <span class='ocrx_word' id='word_1_289' title='bbox 1150 2965 1278 3002; x_wconf 81' lang='lat' dir='ltr'>dicere</span> <span class='ocrx_word' id='word_1_290' title='bbox 1299 2961 1455 3002; x_wconf 83' lang='lat' dir='ltr'>‘numen</span> <span class='ocrx_word' id='word_1_291' title='bbox 1483 2961 1613 3002; x_wconf 82' lang='lat' dir='ltr'>inest&#39;.</span> 
     </span>
     <span class='ocr_line' id='line_1_40' title="bbox 691 3034 1241 3087; baseline 0.004 -14"><span class='ocrx_word' id='word_1_292' title='bbox 691 3034 737 3073; x_wconf 90' lang='lat' dir='ltr'>In</span> <span class='ocrx_word' id='word_1_293' title='bbox 766 3036 892 3074; x_wconf 84' lang='lat' dir='ltr'>medio</span> <span class='ocrx_word' id='word_1_294' title='bbox 917 3050 1081 3087; x_wconf 77' lang='lat' dir='ltr'>yramen</span> <span class='ocrx_word' id='word_1_295' title='bbox 1113 3058 1162 3063; x_wconf 83' lang='lat'>—-</span> <span class='ocrx_word' id='word_1_296' title='bbox 1198 3056 1241 3061; x_wconf 91' lang='lat'>—</span> 
     </span>
    </p>
   </div>
  </div>
 </body>
</html>
