<?xml version="1.0" encoding="UTF-8"?>
<!DOCTYPE html PUBLIC "-//W3C//DTD XHTML 1.0 Transitional//EN"
    "http://www.w3.org/TR/xhtml1/DTD/xhtml1-transitional.dtd">
<html xmlns="http://www.w3.org/1999/xhtml" xml:lang="en" lang="en">
 <head>
  <title>
</title>
<meta http-equiv="Content-Type" content="text/html;charset=utf-8" />
  <meta name='ocr-system' content='tesseract 3.04.00' />
  <meta name='ocr-capabilities' content='ocr_page ocr_carea ocr_par ocr_line ocrx_word'/>
</head>
<body>
  <div class='ocr_page' id='page_1' title='image "4769575_0025.png"; bbox 0 0 2466 3370; ppageno 0'>
   <div class='ocr_carea' id='block_1_1' title="bbox 1175 62 1226 101">
    <p class='ocr_par' dir='ltr' id='par_1_1' title="bbox 1175 62 1226 101">
     <span class='ocr_line' id='line_1_1' title="bbox 1175 62 1226 101; baseline -0.02 0"><span class='ocrx_word' id='word_1_1' title='bbox 1175 62 1226 101; x_wconf 85' lang='grc'><strong>19</strong></span> 
     </span>
    </p>
   </div>
   <div class='ocr_carea' id='block_1_2' title="bbox 200 174 2185 2680">
    <p class='ocr_par' dir='ltr' id='par_1_2' title="bbox 200 174 2185 2680">
     <span class='ocr_line' id='line_1_2' title="bbox 672 174 1750 225; baseline 0.002 -14"><span class='ocrx_word' id='word_1_2' title='bbox 672 174 886 212; x_wconf 56' lang='lat' dir='ltr'><strong>carmentis</strong></span> <span class='ocrx_word' id='word_1_3' title='bbox 909 180 1053 225; x_wconf 80' lang='lat' dir='ltr'><strong>portae</strong></span> <span class='ocrx_word' id='word_1_4' title='bbox 1085 174 1220 212; x_wconf 75' lang='lat' dir='ltr'><strong>dea-tro</strong></span> <span class='ocrx_word' id='word_1_5' title='bbox 1250 180 1306 212; x_wconf 72' lang='lat' dir='ltr'><strong>est</strong></span> <span class='ocrx_word' id='word_1_6' title='bbox 1332 175 1398 212; x_wconf 80' lang='lat' dir='ltr'><strong>via</strong></span> <span class='ocrx_word' id='word_1_7' title='bbox 1425 175 1610 225; x_wconf 71' lang='lat' dir='ltr'><strong>proxima</strong></span> <span class='ocrx_word' id='word_1_8' title='bbox 1639 175 1750 213; x_wconf 83' lang='lat' dir='ltr'><strong>iano:</strong></span> 
     </span>
     <span class='ocr_line' id='line_1_3' title="bbox 737 244 1742 298; baseline 0.001 -15"><span class='ocrx_word' id='word_1_9' title='bbox 737 244 802 284; x_wconf 85' lang='lat' dir='ltr'><strong>Ire</strong></span> <span class='ocrx_word' id='word_1_10' title='bbox 828 258 901 297; x_wconf 84' lang='lat' dir='ltr'><strong>per</strong></span> <span class='ocrx_word' id='word_1_11' title='bbox 929 244 1030 284; x_wconf 75' lang='lat' dir='ltr'><strong>hane</strong></span> <span class='ocrx_word' id='word_1_12' title='bbox 1057 244 1151 295; x_wconf 80' lang='lat' dir='ltr'><strong>noli,</strong></span> <span class='ocrx_word' id='word_1_13' title='bbox 1184 246 1362 298; x_wconf 71' lang='lat' dir='ltr'><strong>quisquis</strong></span> <span class='ocrx_word' id='word_1_14' title='bbox 1392 258 1450 283; x_wconf 71' lang='lat' dir='ltr'><strong>ee:</strong></span> <span class='ocrx_word' id='word_1_15' title='bbox 1481 258 1592 284; x_wconf 80' lang='lat' dir='ltr'><strong>omen</strong></span> <span class='ocrx_word' id='word_1_16' title='bbox 1620 245 1742 285; x_wconf 76' lang='lat' dir='ltr'><strong>habet.</strong></span> 
     </span>
     <span class='ocr_line' id='line_1_4' title="bbox 672 316 1588 369; baseline 0 -13"><span class='ocrx_word' id='word_1_17' title='bbox 672 316 747 355; x_wconf 83' lang='lat' dir='ltr'><strong>Illa</strong></span> <span class='ocrx_word' id='word_1_18' title='bbox 770 316 891 367; x_wconf 84' lang='lat' dir='ltr'><strong>fama</strong></span> <span class='ocrx_word' id='word_1_19' title='bbox 918 316 1040 369; x_wconf 72' lang='lat' dir='ltr'><strong>refert</strong></span> <span class='ocrx_word' id='word_1_20' title='bbox 1067 316 1213 356; x_wconf 72' lang='lat' dir='ltr'><strong>Fabios</strong></span> <span class='ocrx_word' id='word_1_21' title='bbox 1241 318 1364 356; x_wconf 69' lang='lat' dir='ltr'><strong>exisse</strong></span> <span class='ocrx_word' id='word_1_22' title='bbox 1393 323 1588 356; x_wconf 73' lang='lat' dir='ltr'><strong>trecentos.</strong></span> 
     </span>
     <span class='ocr_line' id='line_1_5' title="bbox 736 389 1707 441; baseline -0.001 -13"><span class='ocrx_word' id='word_1_23' title='bbox 736 389 863 428; x_wconf 81' lang='lat' dir='ltr'><strong>Porta</strong></span> <span class='ocrx_word' id='word_1_24' title='bbox 890 396 1006 428; x_wconf 76' lang='lat' dir='ltr'><strong>vacat</strong></span> <span class='ocrx_word' id='word_1_25' title='bbox 1034 389 1162 441; x_wconf 84' lang='lat' dir='ltr'><strong>eulpa,</strong></span> <span class='ocrx_word' id='word_1_26' title='bbox 1194 390 1262 428; x_wconf 70' lang='lat' dir='ltr'><strong>aed</strong></span> <span class='ocrx_word' id='word_1_27' title='bbox 1290 398 1417 428; x_wconf 80' lang='lat' dir='ltr'><strong>tamen</strong></span> <span class='ocrx_word' id='word_1_28' title='bbox 1447 403 1557 428; x_wconf 82' lang='lat' dir='ltr'><strong>omen</strong></span> <span class='ocrx_word' id='word_1_29' title='bbox 1586 389 1707 428; x_wconf 75' lang='lat' dir='ltr'><strong>habet.</strong></span> 
     </span>
     <span class='ocr_line' id='line_1_6' title="bbox 208 459 2185 513; baseline 0 -13"><span class='ocrx_word' id='word_1_30' title='bbox 208 459 360 510; x_wconf 84' lang='lat' dir='ltr'><strong>Quarto</strong></span> <span class='ocrx_word' id='word_1_31' title='bbox 396 473 512 499; x_wconf 89' lang='lat' dir='ltr'><strong>versu</strong></span> <span class='ocrx_word' id='word_1_32' title='bbox 548 465 713 512; x_wconf 88' lang='lat' dir='ltr'><strong>apparet</strong></span> <span class='ocrx_word' id='word_1_33' title='bbox 740 459 861 499; x_wconf 86' lang='lat' dir='ltr'><strong>rediri</strong></span> <span class='ocrx_word' id='word_1_34' title='bbox 891 460 942 499; x_wconf 90' lang='lat' dir='ltr'><strong>ad</strong></span> <span class='ocrx_word' id='word_1_35' title='bbox 973 460 1189 500; x_wconf 90' lang='lat' dir='ltr'><strong>secundum</strong></span> <span class='ocrx_word' id='word_1_36' title='bbox 1220 460 1465 513; x_wconf 85' lang='lat' dir='ltr'>eandemque</span> <span class='ocrx_word' id='word_1_37' title='bbox 1495 474 1656 499; x_wconf 87' lang='lat' dir='ltr'><strong>causam</strong></span> <span class='ocrx_word' id='word_1_38' title='bbox 1685 475 1762 513; x_wconf 88' lang='lat' dir='ltr'><strong>qua</strong></span> <span class='ocrx_word' id='word_1_39' title='bbox 1791 468 1908 513; x_wconf 88' lang='lat' dir='ltr'><strong>poeta</strong></span> <span class='ocrx_word' id='word_1_40' title='bbox 1938 462 1978 500; x_wconf 89' lang='lat' dir='ltr'><strong>in</strong></span> <span class='ocrx_word' id='word_1_41' title='bbox 2011 461 2185 501; x_wconf 87' lang='lat' dir='ltr'><strong>secundo</strong></span> 
     </span>
     <span class='ocr_line' id='line_1_7' title="bbox 208 531 2185 585; baseline 0 -13"><span class='ocrx_word' id='word_1_42' title='bbox 208 547 297 572; x_wconf 92' lang='lat' dir='ltr'><strong>eum</strong></span> <span class='ocrx_word' id='word_1_43' title='bbox 333 532 492 585; x_wconf 90' lang='lat' dir='ltr'><strong>quicum</strong></span> <span class='ocrx_word' id='word_1_44' title='bbox 532 531 769 584; x_wconf 81' lang='lat' dir='ltr'><strong>colloquitur</strong></span> <span class='ocrx_word' id='word_1_45' title='bbox 805 531 1036 571; x_wconf 82' lang='lat' dir='ltr'><strong>dehortatur</strong></span> <span class='ocrx_word' id='word_1_46' title='bbox 1070 532 1224 571; x_wconf 87' lang='lat' dir='ltr'><strong>variata</strong></span> <span class='ocrx_word' id='word_1_47' title='bbox 1257 532 1435 571; x_wconf 87' lang='lat' dir='ltr'><strong>oratione</strong></span> <span class='ocrx_word' id='word_1_48' title='bbox 1471 532 1607 571; x_wconf 89' lang='lat' dir='ltr'><strong>referri</strong></span> <span class='ocrx_word' id='word_1_49' title='bbox 1644 532 1685 570; x_wconf 91' lang='lat' dir='ltr'><strong>in</strong></span> <span class='ocrx_word' id='word_1_50' title='bbox 1716 540 1868 584; x_wconf 88' lang='lat' dir='ltr'><strong>quarto.</strong></span> <span class='ocrx_word' id='word_1_51' title='bbox 1918 532 1998 582; x_wconf 81' lang='lat' dir='ltr'><strong>Qui</strong></span> <span class='ocrx_word' id='word_1_52' title='bbox 2030 534 2061 572; x_wconf 90' lang='lat' dir='ltr'><strong>si</strong></span> <span class='ocrx_word' id='word_1_53' title='bbox 2093 545 2185 585; x_wconf 84' lang='lat' dir='ltr'><strong>pars</strong></span> 
     </span>
     <span class='ocr_line' id='line_1_8' title="bbox 208 604 2185 657; baseline 0.001 -13"><span class='ocrx_word' id='word_1_54' title='bbox 208 612 269 645; x_wconf 89' lang='lat' dir='ltr'><strong>est</strong></span> <span class='ocrx_word' id='word_1_55' title='bbox 302 605 474 644; x_wconf 91' lang='lat' dir='ltr'><strong>instituti</strong></span> <span class='ocrx_word' id='word_1_56' title='bbox 509 605 703 643; x_wconf 90' lang='lat' dir='ltr'><strong>sermonis</strong></span> <span class='ocrx_word' id='word_1_57' title='bbox 739 619 829 644; x_wconf 90' lang='lat' dir='ltr'><strong>cum</strong></span> <span class='ocrx_word' id='word_1_58' title='bbox 864 605 998 644; x_wconf 88' lang='lat' dir='ltr'><strong>nescio</strong></span> <span class='ocrx_word' id='word_1_59' title='bbox 1030 619 1123 657; x_wconf 91' lang='lat' dir='ltr'><strong>quo,</strong></span> <span class='ocrx_word' id='word_1_60' title='bbox 1162 605 1212 644; x_wconf 83' lang='lat' dir='ltr'><strong>ad</strong></span> <span class='ocrx_word' id='word_1_61' title='bbox 1247 604 1417 644; x_wconf 89' lang='lat' dir='ltr'><strong>eundem</strong></span> <span class='ocrx_word' id='word_1_62' title='bbox 1455 618 1679 644; x_wconf 90' lang='lat' dir='ltr'><strong>sermonem</strong></span> <span class='ocrx_word' id='word_1_63' title='bbox 1709 618 1871 645; x_wconf 86' lang='lat' dir='ltr'><strong>necesse</strong></span> <span class='ocrx_word' id='word_1_64' title='bbox 1902 612 1962 645; x_wconf 89' lang='lat' dir='ltr'><strong>est</strong></span> <span class='ocrx_word' id='word_1_65' title='bbox 1992 605 2185 651; x_wconf 84' lang='lat' dir='ltr'><strong>referatur</strong></span> 
     </span>
     <span class='ocr_line' id='line_1_9' title="bbox 208 676 2183 730; baseline -0.001 -12"><span class='ocrx_word' id='word_1_66' title='bbox 208 692 345 718; x_wconf 91' lang='lat' dir='ltr'><strong>versus</strong></span> <span class='ocrx_word' id='word_1_67' title='bbox 376 677 532 727; x_wconf 86' lang='lat' dir='ltr'><strong>tertius3</strong></span> <span class='ocrx_word' id='word_1_68' title='bbox 564 691 681 730; x_wconf 91' lang='lat' dir='ltr'><strong>quem</strong></span> <span class='ocrx_word' id='word_1_69' title='bbox 711 678 778 730; x_wconf 93' lang='lat' dir='ltr'><strong>qui</strong></span> <span class='ocrx_word' id='word_1_70' title='bbox 808 677 998 718; x_wconf 84' lang='lat' dir='ltr'><strong>attentius</strong></span> <span class='ocrx_word' id='word_1_71' title='bbox 1028 677 1328 729; x_wconf 81' lang='lat' dir='ltr'><strong>examinaverit,</strong></span> <span class='ocrx_word' id='word_1_72' title='bbox 1361 676 1485 717; x_wconf 87' lang='lat' dir='ltr'><strong>oratio</strong></span> <span class='ocrx_word' id='word_1_73' title='bbox 1516 676 1603 730; x_wconf 87' lang='lat' dir='ltr'><strong>ipsa</strong></span> <span class='ocrx_word' id='word_1_74' title='bbox 1633 676 1790 716; x_wconf 83' lang='lat' dir='ltr'><strong>videtur</strong></span> <span class='ocrx_word' id='word_1_75' title='bbox 1818 676 1994 717; x_wconf 85' lang='lat' dir='ltr'><strong>indicare</strong></span> <span class='ocrx_word' id='word_1_76' title='bbox 2026 678 2082 717; x_wconf 89' lang='lat' dir='ltr'><strong>sic</strong></span> <span class='ocrx_word' id='word_1_77' title='bbox 2104 692 2183 717; x_wconf 92' lang='lat' dir='ltr'><strong>non</strong></span> 
     </span>
     <span class='ocr_line' id='line_1_10' title="bbox 207 748 2183 802; baseline -0.001 -12"><span class='ocrx_word' id='word_1_78' title='bbox 207 763 367 790; x_wconf 88' lang='lat' dir='ltr'><strong>narrare</strong></span> <span class='ocrx_word' id='word_1_79' title='bbox 403 755 561 802; x_wconf 89' lang='lat' dir='ltr'><strong>poetam</strong></span> <span class='ocrx_word' id='word_1_80' title='bbox 595 748 665 789; x_wconf 92' lang='lat' dir='ltr'><strong>sed</strong></span> <span class='ocrx_word' id='word_1_81' title='bbox 700 748 803 789; x_wconf 88' lang='lat' dir='ltr'><strong>hanc</strong></span> <span class='ocrx_word' id='word_1_82' title='bbox 838 763 998 790; x_wconf 86' lang='lat' dir='ltr'><strong>causam</strong></span> <span class='ocrx_word' id='word_1_83' title='bbox 1034 749 1165 789; x_wconf 89' lang='lat' dir='ltr'><strong>afferri</strong></span> <span class='ocrx_word' id='word_1_84' title='bbox 1201 749 1485 789; x_wconf 85' lang='lat' dir='ltr'><strong>admonitionis</strong></span> <span class='ocrx_word' id='word_1_85' title='bbox 1515 750 1758 802; x_wconf 80' lang='lat' dir='ltr'><strong>praemissae</strong></span> <span class='ocrx_word' id='word_1_86' title='bbox 1790 750 1838 788; x_wconf 94' lang='lat' dir='ltr'><strong>de</strong></span> <span class='ocrx_word' id='word_1_87' title='bbox 1870 751 2013 789; x_wconf 88' lang='lat' dir='ltr'><strong>omine.</strong></span> <span class='ocrx_word' id='word_1_88' title='bbox 2064 749 2183 798; x_wconf 82' lang='lat' dir='ltr'><strong>Quod</strong></span> 
     </span>
     <span class='ocr_line' id='line_1_11' title="bbox 207 822 2183 875; baseline 0 -13"><span class='ocrx_word' id='word_1_89' title='bbox 207 823 240 862; x_wconf 89' lang='lat' dir='ltr'><strong>si</strong></span> <span class='ocrx_word' id='word_1_90' title='bbox 270 828 376 862; x_wconf 90' lang='lat' dir='ltr'><strong>recte</strong></span> <span class='ocrx_word' id='word_1_91' title='bbox 406 822 627 872; x_wconf 86' lang='lat' dir='ltr'><strong>statuimus,</strong></span> <span class='ocrx_word' id='word_1_92' title='bbox 668 822 904 874; x_wconf 83' lang='lat' dir='ltr'><strong>intelligitur</strong></span> <span class='ocrx_word' id='word_1_93' title='bbox 933 822 1006 861; x_wconf 90' lang='lat' dir='ltr'><strong>hos</strong></span> <span class='ocrx_word' id='word_1_94' title='bbox 1036 828 1221 875; x_wconf 85' lang='lat' dir='ltr'><strong>quattuor</strong></span> <span class='ocrx_word' id='word_1_95' title='bbox 1259 836 1394 861; x_wconf 89' lang='lat' dir='ltr'><strong>versus</strong></span> <span class='ocrx_word' id='word_1_96' title='bbox 1430 828 1555 860; x_wconf 89' lang='lat' dir='ltr'><strong>totum</strong></span> <span class='ocrx_word' id='word_1_97' title='bbox 1593 822 1749 861; x_wconf 87' lang='lat' dir='ltr'><strong>efficere</strong></span> <span class='ocrx_word' id='word_1_98' title='bbox 1786 830 1824 861; x_wconf 88' lang='lat' dir='ltr'><strong>et</strong></span> <span class='ocrx_word' id='word_1_99' title='bbox 1860 823 1900 861; x_wconf 91' lang='lat' dir='ltr'><strong>in</strong></span> <span class='ocrx_word' id='word_1_100' title='bbox 1939 838 2058 862; x_wconf 91' lang='lat' dir='ltr'><strong>unum</strong></span> <span class='ocrx_word' id='word_1_101' title='bbox 2096 837 2183 866; x_wconf 84' lang='lat' dir='ltr'><strong>coa-</strong></span> 
     </span>
     <span class='ocr_line' id='line_1_12' title="bbox 206 894 2183 947; baseline 0.001 -15"><span class='ocrx_word' id='word_1_102' title='bbox 206 895 355 933; x_wconf 88' lang='lat' dir='ltr'><strong>lescere</strong></span> <span class='ocrx_word' id='word_1_103' title='bbox 391 908 615 933; x_wconf 85' lang='lat' dir='ltr'><strong>sermonem</strong></span> <span class='ocrx_word' id='word_1_104' title='bbox 652 908 740 932; x_wconf 91' lang='lat' dir='ltr'><strong>cum</strong></span> <span class='ocrx_word' id='word_1_105' title='bbox 777 909 822 933; x_wconf 91' lang='lat' dir='ltr'><strong>eo</strong></span> <span class='ocrx_word' id='word_1_106' title='bbox 857 894 1039 934; x_wconf 86' lang='lat' dir='ltr'><strong>habitum</strong></span> <span class='ocrx_word' id='word_1_107' title='bbox 1075 909 1191 946; x_wconf 90' lang='lat' dir='ltr'><strong>quem</strong></span> <span class='ocrx_word' id='word_1_108' title='bbox 1226 901 1343 946; x_wconf 88' lang='lat' dir='ltr'><strong>poeta</strong></span> <span class='ocrx_word' id='word_1_109' title='bbox 1377 895 1510 933; x_wconf 90' lang='lat' dir='ltr'><strong>verbis</strong></span> <span class='ocrx_word' id='word_1_110' title='bbox 1546 894 1721 946; x_wconf 86' lang='lat' dir='ltr'><strong>appellat</strong></span> <span class='ocrx_word' id='word_1_111' title='bbox 1751 896 1929 947; x_wconf 69' lang='lat' dir='ltr'><strong>quisquis</strong></span> <span class='ocrx_word' id='word_1_112' title='bbox 1960 909 2010 934; x_wconf 76' lang='lat' dir='ltr'><strong>es.</strong></span> <span class='ocrx_word' id='word_1_113' title='bbox 2057 894 2183 934; x_wconf 89' lang='lat' dir='ltr'><strong>Cuius</strong></span> 
     </span>
     <span class='ocr_line' id='line_1_13' title="bbox 205 963 2182 1019; baseline 0 -14"><span class='ocrx_word' id='word_1_114' title='bbox 205 966 400 1005; x_wconf 90' lang='lat' dir='ltr'><strong>sermonis</strong></span> <span class='ocrx_word' id='word_1_115' title='bbox 429 966 504 1004; x_wconf 85' lang='lat' dir='ltr'><strong>iter</strong></span> <span class='ocrx_word' id='word_1_116' title='bbox 533 966 574 1005; x_wconf 90' lang='lat' dir='ltr'><strong>in</strong></span> <span class='ocrx_word' id='word_1_117' title='bbox 604 965 709 1005; x_wconf 91' lang='lat' dir='ltr'><strong>hunc</strong></span> <span class='ocrx_word' id='word_1_118' title='bbox 737 965 818 1005; x_wconf 89' lang='lat' dir='ltr'><strong>fere</strong></span> <span class='ocrx_word' id='word_1_119' title='bbox 848 966 1009 1006; x_wconf 90' lang='lat' dir='ltr'><strong>modum</strong></span> <span class='ocrx_word' id='word_1_120' title='bbox 1038 967 1237 1019; x_wconf 84' lang='lat' dir='ltr'><strong>explicare</strong></span> <span class='ocrx_word' id='word_1_121' title='bbox 1266 966 1371 1005; x_wconf 89' lang='lat' dir='ltr'><strong>licet.</strong></span> <span class='ocrx_word' id='word_1_122' title='bbox 1415 963 1625 1018; x_wconf 75' lang='lat' dir='ltr'><strong>“Quisquis</strong></span> <span class='ocrx_word' id='word_1_123' title='bbox 1656 979 1710 1016; x_wconf 81' lang='lat' dir='ltr'><strong>es,</strong></span> <span class='ocrx_word' id='word_1_124' title='bbox 1743 965 1777 1004; x_wconf 90' lang='lat' dir='ltr'><strong>si</strong></span> <span class='ocrx_word' id='word_1_125' title='bbox 1805 966 1987 1018; x_wconf 81' lang='lat' dir='ltr'><strong>proxima</strong></span> <span class='ocrx_word' id='word_1_126' title='bbox 2009 967 2071 1005; x_wconf 83' lang='lat' dir='ltr'><strong>via</strong></span> <span class='ocrx_word' id='word_1_127' title='bbox 2091 966 2182 1005; x_wconf 83' lang='lat' dir='ltr'><strong>dex-</strong></span> 
     </span>
     <span class='ocr_line' id='line_1_14' title="bbox 204 1035 2182 1091; baseline -0.001 -14"><span class='ocrx_word' id='word_1_128' title='bbox 204 1043 264 1077; x_wconf 92' lang='lat' dir='ltr'><strong>tro</strong></span> <span class='ocrx_word' id='word_1_129' title='bbox 295 1037 385 1077; x_wconf 88' lang='lat' dir='ltr'><strong>iano</strong></span> <span class='ocrx_word' id='word_1_130' title='bbox 415 1043 551 1090; x_wconf 88' lang='lat' dir='ltr'><strong>portae</strong></span> <span class='ocrx_word' id='word_1_131' title='bbox 581 1035 847 1077; x_wconf 84' lang='lat' dir='ltr'><strong>Carmentalis</strong></span> <span class='ocrx_word' id='word_1_132' title='bbox 878 1044 950 1088; x_wconf 86' lang='lat' dir='ltr'><strong>est,</strong></span> <span class='ocrx_word' id='word_1_133' title='bbox 981 1038 1063 1078; x_wconf 91' lang='lat' dir='ltr'><strong>noli</strong></span> <span class='ocrx_word' id='word_1_134' title='bbox 1093 1052 1163 1091; x_wconf 90' lang='lat' dir='ltr'><strong>per</strong></span> <span class='ocrx_word' id='word_1_135' title='bbox 1192 1038 1295 1077; x_wconf 84' lang='lat' dir='ltr'><strong>hanc</strong></span> <span class='ocrx_word' id='word_1_136' title='bbox 1316 1038 1420 1077; x_wconf 88' lang='lat' dir='ltr'><strong>viam</strong></span> <span class='ocrx_word' id='word_1_137' title='bbox 1442 1038 1516 1076; x_wconf 89' lang='lat' dir='ltr'><strong>ire:</strong></span> <span class='ocrx_word' id='word_1_138' title='bbox 1549 1052 1642 1076; x_wconf 89' lang='lat' dir='ltr'><strong>nam</strong></span> <span class='ocrx_word' id='word_1_139' title='bbox 1662 1051 1777 1076; x_wconf 91' lang='lat' dir='ltr'><strong>omen</strong></span> <span class='ocrx_word' id='word_1_140' title='bbox 1794 1037 1926 1076; x_wconf 91' lang='lat' dir='ltr'><strong>habet.</strong></span> <span class='ocrx_word' id='word_1_141' title='bbox 1972 1038 2047 1076; x_wconf 89' lang='lat' dir='ltr'><strong>Illa</strong></span> <span class='ocrx_word' id='word_1_142' title='bbox 2077 1039 2182 1076; x_wconf 89' lang='lat' dir='ltr'><strong>enim</strong></span> 
     </span>
     <span class='ocr_line' id='line_1_15' title="bbox 206 1107 2181 1161; baseline 0.001 -13"><span class='ocrx_word' id='word_1_143' title='bbox 206 1110 270 1148; x_wconf 89' lang='lat' dir='ltr'><strong>via</strong></span> <span class='ocrx_word' id='word_1_144' title='bbox 306 1109 412 1148; x_wconf 89' lang='lat' dir='ltr'><strong>fama</strong></span> <span class='ocrx_word' id='word_1_145' title='bbox 447 1109 568 1148; x_wconf 87' lang='lat' dir='ltr'><strong>refert</strong></span> <span class='ocrx_word' id='word_1_146' title='bbox 603 1107 847 1160; x_wconf 67' lang='lat' dir='ltr'><strong>trecentos*)</strong></span> <span class='ocrx_word' id='word_1_147' title='bbox 882 1109 1029 1149; x_wconf 85' lang='lat' dir='ltr'><strong>Fabios</strong></span> <span class='ocrx_word' id='word_1_148' title='bbox 1059 1110 1274 1161; x_wconf 88' lang='lat' dir='ltr'><strong>profectos,</strong></span> <span class='ocrx_word' id='word_1_149' title='bbox 1312 1123 1412 1161; x_wconf 93' lang='lat' dir='ltr'><strong>quos</strong></span> <span class='ocrx_word' id='word_1_150' title='bbox 1448 1123 1565 1147; x_wconf 91' lang='lat' dir='ltr'><strong>nemo</strong></span> <span class='ocrx_word' id='word_1_151' title='bbox 1601 1110 1731 1148; x_wconf 90' lang='lat' dir='ltr'><strong>nescit</strong></span> <span class='ocrx_word' id='word_1_152' title='bbox 1766 1123 1845 1147; x_wconf 87' lang='lat' dir='ltr'><strong>una</strong></span> <span class='ocrx_word' id='word_1_153' title='bbox 1875 1108 1938 1148; x_wconf 91' lang='lat' dir='ltr'><strong>die</strong></span> <span class='ocrx_word' id='word_1_154' title='bbox 1969 1110 2181 1149; x_wconf 88' lang='lat' dir='ltr'><strong>interiissc.</strong></span> 
     </span>
     <span class='ocr_line' id='line_1_16' title="bbox 205 1179 2182 1234; baseline 0.001 -15"><span class='ocrx_word' id='word_1_155' title='bbox 205 1180 325 1220; x_wconf 88' lang='lat' dir='ltr'><strong>Porta</strong></span> <span class='ocrx_word' id='word_1_156' title='bbox 359 1179 518 1232; x_wconf 89' lang='lat' dir='ltr'><strong>quidem</strong></span> <span class='ocrx_word' id='word_1_157' title='bbox 553 1179 655 1219; x_wconf 88' lang='lat' dir='ltr'><strong>nihil</strong></span> <span class='ocrx_word' id='word_1_158' title='bbox 690 1181 890 1220; x_wconf 86' lang='lat' dir='ltr'><strong>commisit</strong></span> <span class='ocrx_word' id='word_1_159' title='bbox 925 1180 1029 1233; x_wconf 90' lang='lat' dir='ltr'><strong>quod</strong></span> <span class='ocrx_word' id='word_1_160' title='bbox 1059 1181 1257 1234; x_wconf 76' lang='lat' dir='ltr'><strong>culpetur,</strong></span> <span class='ocrx_word' id='word_1_161' title='bbox 1296 1180 1366 1220; x_wconf 92' lang='lat' dir='ltr'><strong>sed</strong></span> <span class='ocrx_word' id='word_1_162' title='bbox 1406 1187 1538 1220; x_wconf 85' lang='lat' dir='ltr'><strong>tamen</strong></span> <span class='ocrx_word' id='word_1_163' title='bbox 1569 1181 1620 1220; x_wconf 84' lang='lat' dir='ltr'><strong>ob</strong></span> <span class='ocrx_word' id='word_1_164' title='bbox 1651 1180 1850 1220; x_wconf 83' lang='lat' dir='ltr'><strong>infelicem</strong></span> <span class='ocrx_word' id='word_1_165' title='bbox 1882 1181 2002 1220; x_wconf 87' lang='lat' dir='ltr'><strong>istum</strong></span> <span class='ocrx_word' id='word_1_166' title='bbox 2032 1182 2182 1220; x_wconf 82' lang='lat' dir='ltr'><strong>exitum</strong></span> 
     </span>
     <span class='ocr_line' id='line_1_17' title="bbox 204 1250 2184 1306; baseline 0.001 -16"><span class='ocrx_word' id='word_1_167' title='bbox 204 1252 299 1291; x_wconf 92' lang='lat' dir='ltr'><strong>mali</strong></span> <span class='ocrx_word' id='word_1_168' title='bbox 329 1252 473 1291; x_wconf 92' lang='lat' dir='ltr'><strong>ominis</strong></span> <span class='ocrx_word' id='word_1_169' title='bbox 504 1257 564 1291; x_wconf 88' lang='lat' dir='ltr'><strong>est</strong></span> <span class='ocrx_word' id='word_1_170' title='bbox 593 1258 636 1290; x_wconf 93' lang='lat' dir='ltr'><strong>ut</strong></span> <span class='ocrx_word' id='word_1_171' title='bbox 666 1252 828 1291; x_wconf 88' lang='lat' dir='ltr'><strong>vitanda</strong></span> <span class='ocrx_word' id='word_1_172' title='bbox 857 1250 936 1292; x_wconf 64' lang='lat' dir='ltr'><strong>sit?</strong></span> <span class='ocrx_word' id='word_1_173' title='bbox 983 1252 1046 1292; x_wconf 85' lang='lat' dir='ltr'><strong>Ex</strong></span> <span class='ocrx_word' id='word_1_174' title='bbox 1076 1252 1151 1292; x_wconf 90' lang='lat' dir='ltr'><strong>hoc</strong></span> <span class='ocrx_word' id='word_1_175' title='bbox 1177 1259 1309 1292; x_wconf 86' lang='lat' dir='ltr'><strong>autem</strong></span> <span class='ocrx_word' id='word_1_176' title='bbox 1336 1253 1533 1305; x_wconf 86' lang='lat' dir='ltr'><strong>aequabili</strong></span> <span class='ocrx_word' id='word_1_177' title='bbox 1558 1260 1693 1292; x_wconf 88' lang='lat' dir='ltr'><strong>tenore</strong></span> <span class='ocrx_word' id='word_1_178' title='bbox 1714 1253 1906 1292; x_wconf 89' lang='lat' dir='ltr'><strong>orationis</strong></span> <span class='ocrx_word' id='word_1_179' title='bbox 1927 1254 2184 1306; x_wconf 80' lang='lat' dir='ltr'><strong>consequitur</strong></span> 
     </span>
     <span class='ocr_line' id='line_1_18' title="bbox 204 1323 2182 1376; baseline 0.001 -13"><span class='ocrx_word' id='word_1_180' title='bbox 204 1330 272 1363; x_wconf 91' lang='lat' dir='ltr'><strong>aut</strong></span> <span class='ocrx_word' id='word_1_181' title='bbox 301 1329 486 1376; x_wconf 87' lang='lat' dir='ltr'><strong>quattuor</strong></span> <span class='ocrx_word' id='word_1_182' title='bbox 514 1336 652 1363; x_wconf 87' lang='lat' dir='ltr'><strong>versus</strong></span> <span class='ocrx_word' id='word_1_183' title='bbox 683 1323 931 1363; x_wconf 89' lang='lat' dir='ltr'><strong>abiiciendos</strong></span> <span class='ocrx_word' id='word_1_184' title='bbox 961 1337 1048 1363; x_wconf 92' lang='lat' dir='ltr'><strong>esse</strong></span> <span class='ocrx_word' id='word_1_185' title='bbox 1076 1330 1144 1362; x_wconf 87' lang='lat' dir='ltr'><strong>aut</strong></span> <span class='ocrx_word' id='word_1_186' title='bbox 1164 1323 1328 1362; x_wconf 88' lang='lat' dir='ltr'><strong>nullum.</strong></span> <span class='ocrx_word' id='word_1_187' title='bbox 1378 1324 1516 1376; x_wconf 90' lang='lat' dir='ltr'><strong>Neque</strong></span> <span class='ocrx_word' id='word_1_188' title='bbox 1537 1331 1670 1363; x_wconf 89' lang='lat' dir='ltr'><strong>tamen</strong></span> <span class='ocrx_word' id='word_1_189' title='bbox 1693 1324 1909 1363; x_wconf 89' lang='lat' dir='ltr'><strong>verendum</strong></span> <span class='ocrx_word' id='word_1_190' title='bbox 1931 1331 1992 1363; x_wconf 90' lang='lat' dir='ltr'><strong>est</strong></span> <span class='ocrx_word' id='word_1_191' title='bbox 2011 1339 2060 1363; x_wconf 88' lang='lat' dir='ltr'><strong>ne</strong></span> <span class='ocrx_word' id='word_1_192' title='bbox 2081 1339 2182 1376; x_wconf 84' lang='lat' dir='ltr'><strong>quae</strong></span> 
     </span>
     <span class='ocr_line' id='line_1_19' title="bbox 204 1395 2182 1449; baseline -0.001 -13"><span class='ocrx_word' id='word_1_193' title='bbox 204 1410 324 1449; x_wconf 85' lang='lat' dir='ltr'><strong>supra</strong></span> <span class='ocrx_word' id='word_1_194' title='bbox 352 1396 401 1436; x_wconf 90' lang='lat' dir='ltr'><strong>de</strong></span> <span class='ocrx_word' id='word_1_195' title='bbox 432 1395 696 1449; x_wconf 88' lang='lat' dir='ltr'><strong>descriptione</strong></span> <span class='ocrx_word' id='word_1_196' title='bbox 726 1396 803 1435; x_wconf 91' lang='lat' dir='ltr'><strong>loci</strong></span> <span class='ocrx_word' id='word_1_197' title='bbox 834 1410 882 1435; x_wconf 86' lang='lat' dir='ltr'><strong>ex</strong></span> <span class='ocrx_word' id='word_1_198' title='bbox 912 1410 991 1448; x_wconf 88' lang='lat' dir='ltr'><strong>qua</strong></span> <span class='ocrx_word' id='word_1_199' title='bbox 1020 1410 1150 1434; x_wconf 86' lang='lat' dir='ltr'><strong>rerum</strong></span> <span class='ocrx_word' id='word_1_200' title='bbox 1181 1397 1449 1436; x_wconf 83' lang='lat' dir='ltr'><strong>narrationem</strong></span> <span class='ocrx_word' id='word_1_201' title='bbox 1479 1403 1635 1436; x_wconf 86' lang='lat' dir='ltr'><strong>nectere</strong></span> <span class='ocrx_word' id='word_1_202' title='bbox 1664 1397 1791 1435; x_wconf 87' lang='lat' dir='ltr'><strong>soleat</strong></span> <span class='ocrx_word' id='word_1_203' title='bbox 1811 1395 1981 1435; x_wconf 90' lang='lat' dir='ltr'><strong>Ovidius</strong></span> <span class='ocrx_word' id='word_1_204' title='bbox 2002 1398 2182 1448; x_wconf 81' lang='lat' dir='ltr'><strong>exposita</strong></span> 
     </span>
     <span class='ocr_line' id='line_1_20' title="bbox 206 1467 2180 1522; baseline 0 -14"><span class='ocrx_word' id='word_1_205' title='bbox 206 1475 298 1508; x_wconf 89' lang='lat' dir='ltr'><strong>sunt</strong></span> <span class='ocrx_word' id='word_1_206' title='bbox 326 1469 402 1508; x_wconf 88' lang='lat' dir='ltr'><strong>hac</strong></span> <span class='ocrx_word' id='word_1_207' title='bbox 431 1469 532 1508; x_wconf 89' lang='lat' dir='ltr'><strong>inita</strong></span> <span class='ocrx_word' id='word_1_208' title='bbox 561 1470 714 1508; x_wconf 88' lang='lat' dir='ltr'><strong>ratione</strong></span> <span class='ocrx_word' id='word_1_209' title='bbox 745 1469 948 1508; x_wconf 90' lang='lat' dir='ltr'><strong>eleventur</strong></span> <span class='ocrx_word' id='word_1_210' title='bbox 978 1475 1045 1508; x_wconf 87' lang='lat' dir='ltr'><strong>aut</strong></span> <span class='ocrx_word' id='word_1_211' title='bbox 1073 1475 1249 1521; x_wconf 86' lang='lat' dir='ltr'><strong>pereant.</strong></span> <span class='ocrx_word' id='word_1_212' title='bbox 1299 1469 1402 1509; x_wconf 89' lang='lat' dir='ltr'><strong>Nam</strong></span> <span class='ocrx_word' id='word_1_213' title='bbox 1433 1470 1491 1509; x_wconf 85' lang='lat' dir='ltr'><strong>sic</strong></span> <span class='ocrx_word' id='word_1_214' title='bbox 1522 1484 1678 1522; x_wconf 92' lang='lat' dir='ltr'><strong>quoque</strong></span> <span class='ocrx_word' id='word_1_215' title='bbox 1709 1476 1748 1508; x_wconf 90' lang='lat' dir='ltr'><strong>et</strong></span> <span class='ocrx_word' id='word_1_216' title='bbox 1778 1469 1883 1508; x_wconf 89' lang='lat' dir='ltr'><strong>viam</strong></span> <span class='ocrx_word' id='word_1_217' title='bbox 1914 1476 2049 1521; x_wconf 86' lang='lat' dir='ltr'><strong>portae</strong></span> <span class='ocrx_word' id='word_1_218' title='bbox 2085 1467 2180 1509; x_wconf 90' lang='lat' dir='ltr'><strong>Car-</strong></span> 
     </span>
     <span class='ocr_line' id='line_1_21' title="bbox 204 1540 2179 1594; baseline -0.001 -13"><span class='ocrx_word' id='word_1_219' title='bbox 204 1542 389 1582; x_wconf 88' lang='lat' dir='ltr'><strong>mentalis</strong></span> <span class='ocrx_word' id='word_1_220' title='bbox 420 1541 611 1582; x_wconf 88' lang='lat' dir='ltr'><strong>describit</strong></span> <span class='ocrx_word' id='word_1_221' title='bbox 639 1548 679 1582; x_wconf 92' lang='lat' dir='ltr'><strong>et</strong></span> <span class='ocrx_word' id='word_1_222' title='bbox 709 1556 756 1582; x_wconf 88' lang='lat' dir='ltr'><strong>ea</strong></span> <span class='ocrx_word' id='word_1_223' title='bbox 785 1541 851 1581; x_wconf 90' lang='lat' dir='ltr'><strong>via</strong></span> <span class='ocrx_word' id='word_1_224' title='bbox 879 1540 1027 1581; x_wconf 87' lang='lat' dir='ltr'><strong>Fabios</strong></span> <span class='ocrx_word' id='word_1_225' title='bbox 1059 1540 1255 1594; x_wconf 87' lang='lat' dir='ltr'><strong>profectos</strong></span> <span class='ocrx_word' id='word_1_226' title='bbox 1286 1554 1373 1581; x_wconf 90' lang='lat' dir='ltr'><strong>esse</strong></span> <span class='ocrx_word' id='word_1_227' title='bbox 1404 1541 1534 1592; x_wconf 88' lang='lat' dir='ltr'><strong>refert,</strong></span> <span class='ocrx_word' id='word_1_228' title='bbox 1568 1540 1637 1581; x_wconf 90' lang='lat' dir='ltr'><strong>sed</strong></span> <span class='ocrx_word' id='word_1_229' title='bbox 1665 1541 1735 1580; x_wconf 90' lang='lat' dir='ltr'><strong>illa</strong></span> <span class='ocrx_word' id='word_1_230' title='bbox 1756 1542 1950 1580; x_wconf 87' lang='lat' dir='ltr'><strong>sermonis</strong></span> <span class='ocrx_word' id='word_1_231' title='bbox 1972 1548 2179 1581; x_wconf 84' lang='lat' dir='ltr'><strong>venustate</strong></span> 
     </span>
     <span class='ocr_line' id='line_1_22' title="bbox 204 1612 2178 1667; baseline -0.001 -12"><span class='ocrx_word' id='word_1_232' title='bbox 204 1615 329 1655; x_wconf 89' lang='lat' dir='ltr'><strong>ascita</strong></span> <span class='ocrx_word' id='word_1_233' title='bbox 357 1615 474 1667; x_wconf 86' lang='lat' dir='ltr'><strong>longe</strong></span> <span class='ocrx_word' id='word_1_234' title='bbox 504 1614 579 1654; x_wconf 88' lang='lat' dir='ltr'><strong>hoc</strong></span> <span class='ocrx_word' id='word_1_235' title='bbox 608 1614 712 1667; x_wconf 92' lang='lat' dir='ltr'><strong>quod</strong></span> <span class='ocrx_word' id='word_1_236' title='bbox 744 1614 870 1654; x_wconf 91' lang='lat' dir='ltr'><strong>voluit</strong></span> <span class='ocrx_word' id='word_1_237' title='bbox 898 1614 1153 1653; x_wconf 87' lang='lat' dir='ltr'><strong>artificiosius</strong></span> <span class='ocrx_word' id='word_1_238' title='bbox 1183 1620 1388 1653; x_wconf 87' lang='lat' dir='ltr'><strong>assecutus</strong></span> <span class='ocrx_word' id='word_1_239' title='bbox 1419 1620 1490 1653; x_wconf 87' lang='lat' dir='ltr'><strong>est.</strong></span> <span class='ocrx_word' id='word_1_240' title='bbox 1532 1612 1719 1654; x_wconf 88' lang='lat' dir='ltr'><strong>Ceterum</strong></span> <span class='ocrx_word' id='word_1_241' title='bbox 1741 1613 1942 1664; x_wconf 83' lang='lat' dir='ltr'><strong>Ovidium,</strong></span> <span class='ocrx_word' id='word_1_242' title='bbox 1974 1615 2041 1666; x_wconf 91' lang='lat' dir='ltr'><strong>qui</strong></span> <span class='ocrx_word' id='word_1_243' title='bbox 2074 1617 2107 1664; x_wconf 87' lang='lat'><strong>1,</strong></span> <span class='ocrx_word' id='word_1_244' title='bbox 2126 1615 2178 1653; x_wconf 80' lang='lat'><strong>59</strong></span> 
     </span>
     <span class='ocr_line' id='line_1_23' title="bbox 203 1685 2178 1739; baseline -0.001 -12"><span class='ocrx_word' id='word_1_245' title='bbox 203 1702 312 1728; x_wconf 83' lang='lat' dir='ltr'><strong>omen</strong></span> <span class='ocrx_word' id='word_1_246' title='bbox 340 1687 389 1727; x_wconf 84' lang='lat' dir='ltr'><strong>ab</strong></span> <span class='ocrx_word' id='word_1_247' title='bbox 419 1695 553 1727; x_wconf 79' lang='lat' dir='ltr'><strong>eventu</strong></span> <span class='ocrx_word' id='word_1_248' title='bbox 582 1702 660 1727; x_wconf 67' lang='lat' dir='ltr'><strong>eese</strong></span> <span class='ocrx_word' id='word_1_249' title='bbox 689 1687 834 1738; x_wconf 86' lang='lat' dir='ltr'><strong>docuit,</strong></span> <span class='ocrx_word' id='word_1_250' title='bbox 867 1701 916 1726; x_wconf 83' lang='lat' dir='ltr'><strong>ex</strong></span> <span class='ocrx_word' id='word_1_251' title='bbox 946 1701 993 1726; x_wconf 87' lang='lat' dir='ltr'><strong>ea</strong></span> <span class='ocrx_word' id='word_1_252' title='bbox 1021 1687 1209 1739; x_wconf 91' lang='lat' dir='ltr'><strong>opinione</strong></span> <span class='ocrx_word' id='word_1_253' title='bbox 1239 1686 1419 1726; x_wconf 87' lang='lat' dir='ltr'><strong>videmus</strong></span> <span class='ocrx_word' id='word_1_254' title='bbox 1450 1701 1473 1725; x_wconf 92' lang='lat' dir='ltr'><strong>a</strong></span> <span class='ocrx_word' id='word_1_255' title='bbox 1492 1686 1707 1734; x_wconf 85' lang='lat' dir='ltr'><strong>Fabiorum</strong></span> <span class='ocrx_word' id='word_1_256' title='bbox 1739 1686 1847 1725; x_wconf 84' lang='lat' dir='ltr'><strong>exitu</strong></span> <span class='ocrx_word' id='word_1_257' title='bbox 1878 1685 1953 1725; x_wconf 89' lang='lat' dir='ltr'><strong>hoc</strong></span> <span class='ocrx_word' id='word_1_258' title='bbox 1974 1686 2178 1739; x_wconf 88' lang='lat' dir='ltr'><strong>repetiisse</strong></span> 
     </span>
     <span class='ocr_line' id='line_1_24' title="bbox 202 1757 2179 1812; baseline -0.001 -14"><span class='ocrx_word' id='word_1_259' title='bbox 202 1759 306 1812; x_wconf 92' lang='lat' dir='ltr'><strong>quod</strong></span> <span class='ocrx_word' id='word_1_260' title='bbox 352 1766 463 1812; x_wconf 88' lang='lat' dir='ltr'><strong>porta</strong></span> <span class='ocrx_word' id='word_1_261' title='bbox 499 1757 765 1798; x_wconf 88' lang='lat' dir='ltr'><strong>Carmentalis</strong></span> <span class='ocrx_word' id='word_1_262' title='bbox 802 1758 865 1797; x_wconf 92' lang='lat' dir='ltr'><strong>vel</strong></span> <span class='ocrx_word' id='word_1_263' title='bbox 904 1758 1042 1797; x_wconf 84' lang='lat' dir='ltr'><strong>dexter</strong></span> <span class='ocrx_word' id='word_1_264' title='bbox 1078 1759 1193 1797; x_wconf 88' lang='lat' dir='ltr'><strong>ianus</strong></span> <span class='ocrx_word' id='word_1_265' title='bbox 1229 1759 1313 1797; x_wconf 92' lang='lat' dir='ltr'><strong>eius</strong></span> <span class='ocrx_word' id='word_1_266' title='bbox 1349 1764 1485 1810; x_wconf 87' lang='lat' dir='ltr'><strong>portae</strong></span> <span class='ocrx_word' id='word_1_267' title='bbox 1520 1758 1614 1797; x_wconf 91' lang='lat' dir='ltr'><strong>mali</strong></span> <span class='ocrx_word' id='word_1_268' title='bbox 1649 1759 1793 1797; x_wconf 92' lang='lat' dir='ltr'><strong>ominis</strong></span> <span class='ocrx_word' id='word_1_269' title='bbox 1832 1772 1918 1797; x_wconf 90' lang='lat' dir='ltr'><strong>esse</strong></span> <span class='ocrx_word' id='word_1_270' title='bbox 1954 1758 2179 1797; x_wconf 85' lang='lat' dir='ltr'><strong>crederetur</strong></span> 
     </span>
     <span class='ocr_line' id='line_1_25' title="bbox 205 1829 2179 1883; baseline 0 -13"><span class='ocrx_word' id='word_1_271' title='bbox 205 1832 416 1883; x_wconf 89' lang='lat' dir='ltr'><strong>multisque</strong></span> <span class='ocrx_word' id='word_1_272' title='bbox 438 1845 483 1870; x_wconf 92' lang='lat' dir='ltr'><strong>eo</strong></span> <span class='ocrx_word' id='word_1_273' title='bbox 505 1831 637 1881; x_wconf 87' lang='lat' dir='ltr'><strong>egredi</strong></span> <span class='ocrx_word' id='word_1_274' title='bbox 659 1831 842 1882; x_wconf 87' lang='lat' dir='ltr'><strong>religioni</strong></span> <span class='ocrx_word' id='word_1_275' title='bbox 862 1841 983 1881; x_wconf 83' lang='lat' dir='ltr'><strong>esset3</strong></span> <span class='ocrx_word' id='word_1_276' title='bbox 1005 1830 1111 1882; x_wconf 91' lang='lat' dir='ltr'><strong>quod</strong></span> <span class='ocrx_word' id='word_1_277' title='bbox 1131 1830 1234 1869; x_wconf 90' lang='lat' dir='ltr'><strong>idem</strong></span> <span class='ocrx_word' id='word_1_278' title='bbox 1256 1830 1325 1869; x_wconf 89' lang='lat' dir='ltr'><strong>alii</strong></span> <span class='ocrx_word' id='word_1_279' title='bbox 1346 1836 1467 1870; x_wconf 89' lang='lat' dir='ltr'><strong>testes</strong></span> <span class='ocrx_word' id='word_1_280' title='bbox 1483 1829 1742 1881; x_wconf 88' lang='lat' dir='ltr'><strong>tradiderunt,</strong></span> <span class='ocrx_word' id='word_1_281' title='bbox 1765 1829 1908 1870; x_wconf 90' lang='lat' dir='ltr'><strong>Festus</strong></span> <span class='ocrx_word' id='word_1_282' title='bbox 1924 1845 2041 1883; x_wconf 89' lang='lat' dir='ltr'><strong>quem</strong></span> <span class='ocrx_word' id='word_1_283' title='bbox 2059 1845 2179 1883; x_wconf 85' lang='lat' dir='ltr'><strong>supra</strong></span> 
     </span>
     <span class='ocr_line' id='line_1_26' title="bbox 202 1898 2176 1956; baseline -0.002 -13"><span class='ocrx_word' id='word_1_284' title='bbox 202 1918 239 1956; x_wconf 91' lang='lat' dir='ltr'><strong>p.</strong></span> <span class='ocrx_word' id='word_1_285' title='bbox 256 1904 303 1942; x_wconf 92' lang='grc'><strong>11</strong></span> <span class='ocrx_word' id='word_1_286' title='bbox 328 1903 549 1952; x_wconf 86' lang='lat' dir='ltr'><strong>citavimus,</strong></span> <span class='ocrx_word' id='word_1_287' title='bbox 571 1902 676 1941; x_wconf 92' lang='lat' dir='ltr'><strong>idem</strong></span> <span class='ocrx_word' id='word_1_288' title='bbox 697 1916 734 1954; x_wconf 93' lang='lat' dir='ltr'><strong>p.</strong></span> <span class='ocrx_word' id='word_1_289' title='bbox 750 1902 830 1941; x_wconf 85' lang='lat'><strong>334</strong></span> <span class='ocrx_word' id='word_1_290' title='bbox 849 1901 904 1941; x_wconf 92' lang='grc' dir='ltr'><strong>Μ.</strong></span> <span class='ocrx_word' id='word_1_291' title='bbox 918 1901 999 1941; x_wconf 88' lang='grc'><strong>496</strong></span> <span class='ocrx_word' id='word_1_292' title='bbox 1008 1900 1081 1941; x_wconf 86' lang='lat' dir='ltr'><strong>Th.</strong></span> <span class='ocrx_word' id='word_1_293' title='bbox 1101 1898 1314 1953; x_wconf 85' lang='lat' dir='ltr'><strong>Scele[rata</strong></span> <span class='ocrx_word' id='word_1_294' title='bbox 1334 1906 1447 1954; x_wconf 85' lang='lat' dir='ltr'><strong>porta</strong></span> <span class='ocrx_word' id='word_1_295' title='bbox 1467 1901 1606 1940; x_wconf 88' lang='lat' dir='ltr'><strong>eadem</strong></span> <span class='ocrx_word' id='word_1_296' title='bbox 1628 1898 1862 1954; x_wconf 80' lang='lat' dir='ltr'><strong>app]ellatur</strong></span> <span class='ocrx_word' id='word_1_297' title='bbox 1882 1917 1907 1940; x_wconf 89' lang='lat' dir='ltr'><strong>a</strong></span> <span class='ocrx_word' id='word_1_298' title='bbox 1928 1902 2176 1954; x_wconf 76' lang='lat' dir='ltr'><strong>quibusdam,</strong></span> 
     </span>
     <span class='ocr_line' id='line_1_27' title="bbox 204 1969 2176 2029; baseline -0.001 -14"><span class='ocrx_word' id='word_1_299' title='bbox 204 1972 320 2029; x_wconf 85' lang='lat' dir='ltr'><strong>[quae</strong></span> <span class='ocrx_word' id='word_1_300' title='bbox 347 1981 386 2014; x_wconf 91' lang='lat' dir='ltr'><strong>et</strong></span> <span class='ocrx_word' id='word_1_301' title='bbox 406 1970 686 2026; x_wconf 83' lang='lat' dir='ltr'><strong>Carmentalis]</strong></span> <span class='ocrx_word' id='word_1_302' title='bbox 709 1975 864 2022; x_wconf 74' lang='lat' dir='ltr'><strong>dicitur,</strong></span> <span class='ocrx_word' id='word_1_303' title='bbox 898 1974 1003 2026; x_wconf 81' lang='lat' dir='ltr'><strong>quod</strong></span> <span class='ocrx_word' id='word_1_304' title='bbox 1028 1975 1065 2013; x_wconf 81' lang='lat' dir='ltr'><strong>ei</strong></span> <span class='ocrx_word' id='word_1_305' title='bbox 1076 1975 1306 2027; x_wconf 76' lang='lat' dir='ltr'><strong>proximam</strong></span> <span class='ocrx_word' id='word_1_306' title='bbox 1327 1969 1579 2025; x_wconf 81' lang='lat' dir='ltr'><strong>Car[mentae</strong></span> <span class='ocrx_word' id='word_1_307' title='bbox 1600 1973 1788 2012; x_wconf 87' lang='lat' dir='ltr'><strong>sacellum</strong></span> <span class='ocrx_word' id='word_1_308' title='bbox 1810 1974 1884 2012; x_wconf 92' lang='lat' dir='ltr'><strong>fuit</strong></span> <span class='ocrx_word' id='word_1_309' title='bbox 1906 2005 1913 2012; x_wconf 94' lang='lat'><strong>.</strong></span> <span class='ocrx_word' id='word_1_310' title='bbox 1938 2005 1945 2012; x_wconf 94' lang='lat'><strong>.</strong></span> <span class='ocrx_word' id='word_1_311' title='bbox 1965 1970 2176 2025; x_wconf 80' lang='lat' dir='ltr'><strong>scele]rata</strong></span> 
     </span>
     <span class='ocr_line' id='line_1_28' title="bbox 202 2042 2176 2100; baseline -0.001 -12"><span class='ocrx_word' id='word_1_312' title='bbox 202 2056 329 2088; x_wconf 79' lang='lat' dir='ltr'><strong>autem</strong></span> <span class='ocrx_word' id='word_1_313' title='bbox 363 2048 469 2100; x_wconf 81' lang='lat' dir='ltr'><strong>qaod</strong></span> <span class='ocrx_word' id='word_1_314' title='bbox 498 2060 571 2100; x_wconf 82' lang='lat' dir='ltr'><strong>per</strong></span> <span class='ocrx_word' id='word_1_315' title='bbox 600 2060 684 2086; x_wconf 87' lang='lat' dir='ltr'><strong>eam</strong></span> <span class='ocrx_word' id='word_1_316' title='bbox 716 2044 801 2096; x_wconf 83' lang='lat' dir='ltr'><strong>[sex</strong></span> <span class='ocrx_word' id='word_1_317' title='bbox 832 2052 871 2085; x_wconf 91' lang='lat' dir='ltr'><strong>et</strong></span> <span class='ocrx_word' id='word_1_318' title='bbox 900 2046 1064 2085; x_wconf 90' lang='lat' dir='ltr'><strong>trecenti</strong></span> <span class='ocrx_word' id='word_1_319' title='bbox 1095 2044 1209 2085; x_wconf 85' lang='lat' dir='ltr'><strong>Fabii</strong></span> <span class='ocrx_word' id='word_1_320' title='bbox 1241 2043 1348 2097; x_wconf 83' lang='lat' dir='ltr'><strong>c]um</strong></span> <span class='ocrx_word' id='word_1_321' title='bbox 1377 2046 1574 2085; x_wconf 77' lang='lat' dir='ltr'><strong>clientium</strong></span> <span class='ocrx_word' id='word_1_322' title='bbox 1604 2045 1775 2084; x_wconf 72' lang='lat' dir='ltr'><strong>millibue</strong></span> <span class='ocrx_word' id='word_1_323' title='bbox 1806 2042 1995 2098; x_wconf 87' lang='lat' dir='ltr'><strong>[quinque</strong></span> <span class='ocrx_word' id='word_1_324' title='bbox 2026 2047 2176 2098; x_wconf 86' lang='lat' dir='ltr'><strong>egressi</strong></span> 
     </span>
     <span class='ocr_line' id='line_1_29' title="bbox 202 2114 2179 2173; baseline -0.002 -11"><span class='ocrx_word' id='word_1_325' title='bbox 202 2121 393 2162; x_wconf 87' lang='lat' dir='ltr'><strong>adversus</strong></span> <span class='ocrx_word' id='word_1_326' title='bbox 427 2116 646 2173; x_wconf 55' lang='lat' dir='ltr'><strong>Ekruseos,</strong></span> <span class='ocrx_word' id='word_1_327' title='bbox 691 2120 745 2158; x_wconf 86' lang='lat' dir='ltr'><strong>ad</strong></span> <span class='ocrx_word' id='word_1_328' title='bbox 783 2132 933 2158; x_wconf 85' lang='lat' dir='ltr'><strong>amnem</strong></span> <span class='ocrx_word' id='word_1_329' title='bbox 974 2114 1216 2170; x_wconf 84' lang='lat' dir='ltr'><strong>[Cremeram</strong></span> <span class='ocrx_word' id='word_1_330' title='bbox 1259 2132 1397 2157; x_wconf 89' lang='lat' dir='ltr'><strong>omnes</strong></span> <span class='ocrx_word' id='word_1_331' title='bbox 1437 2124 1529 2157; x_wconf 84' lang='lat' dir='ltr'><strong>sunt</strong></span> <span class='ocrx_word' id='word_1_332' title='bbox 1569 2114 1799 2169; x_wconf 59' lang='lat' dir='ltr'><strong>interlfeetz’.</strong></span> <span class='ocrx_word' id='word_1_333' title='bbox 1845 2133 1924 2170; x_wconf 83' lang='lat' dir='ltr'><strong>qua</strong></span> <span class='ocrx_word' id='word_1_334' title='bbox 1959 2133 2005 2157; x_wconf 53' lang='lat' dir='ltr'><strong>ea·</strong></span> <span class='ocrx_word' id='word_1_335' title='bbox 2040 2116 2179 2171; x_wconf 79' lang='lat' dir='ltr'><strong>eau[sa</strong></span> 
     </span>
     <span class='ocr_line' id='line_1_30' title="bbox 200 2187 2176 2244; baseline -0.001 -11"><span class='ocrx_word' id='word_1_336' title='bbox 200 2194 348 2233; x_wconf 88' lang='lat' dir='ltr'><strong>factum</strong></span> <span class='ocrx_word' id='word_1_337' title='bbox 384 2199 460 2244; x_wconf 86' lang='lat' dir='ltr'><strong>est,</strong></span> <span class='ocrx_word' id='word_1_338' title='bbox 499 2198 540 2231; x_wconf 91' lang='lat' dir='ltr'><strong>ut</strong></span> <span class='ocrx_word' id='word_1_339' title='bbox 575 2206 622 2231; x_wconf 87' lang='lat' dir='ltr'><strong>ea</strong></span> <span class='ocrx_word' id='word_1_340' title='bbox 656 2197 770 2244; x_wconf 88' lang='lat' dir='ltr'><strong>porta</strong></span> <span class='ocrx_word' id='word_1_341' title='bbox 804 2188 970 2243; x_wconf 79' lang='lat' dir='ltr'><strong>int]rare</strong></span> <span class='ocrx_word' id='word_1_342' title='bbox 999 2192 1174 2244; x_wconf 71' lang='lat' dir='ltr'><strong>eyredive</strong></span> <span class='ocrx_word' id='word_1_343' title='bbox 1205 2187 1313 2242; x_wconf 86' lang='lat' dir='ltr'><strong>[mali</strong></span> <span class='ocrx_word' id='word_1_344' title='bbox 1343 2191 1485 2230; x_wconf 87' lang='lat' dir='ltr'><strong>ominis</strong></span> <span class='ocrx_word' id='word_1_345' title='bbox 1517 2188 1745 2243; x_wconf 85' lang='lat' dir='ltr'><strong>habeatur];</strong></span> <span class='ocrx_word' id='word_1_346' title='bbox 1782 2189 1848 2241; x_wconf 91' lang='lat' dir='ltr'><strong>(cf.</strong></span> <span class='ocrx_word' id='word_1_347' title='bbox 1881 2190 2029 2231; x_wconf 86' lang='lat' dir='ltr'><strong>Paulus</strong></span> <span class='ocrx_word' id='word_1_348' title='bbox 2061 2192 2176 2231; x_wconf 86' lang='lat' dir='ltr'><strong>Diae.</strong></span> 
     </span>
     <span class='ocr_line' id='line_1_31' title="bbox 200 2261 2178 2318; baseline -0.001 -12"><span class='ocrx_word' id='word_1_349' title='bbox 200 2281 239 2318; x_wconf 93' lang='lat' dir='ltr'><strong>p.</strong></span> <span class='ocrx_word' id='word_1_350' title='bbox 262 2263 371 2317; x_wconf 85' lang='lat'><strong>335).</strong></span> <span class='ocrx_word' id='word_1_351' title='bbox 420 2265 485 2305; x_wconf 85' lang='lat' dir='ltr'><strong>Ex</strong></span> <span class='ocrx_word' id='word_1_352' title='bbox 515 2264 733 2317; x_wconf 90' lang='lat' dir='ltr'><strong>eodemque</strong></span> <span class='ocrx_word' id='word_1_353' title='bbox 762 2264 871 2304; x_wconf 88' lang='lat' dir='ltr'><strong>fonte</strong></span> <span class='ocrx_word' id='word_1_354' title='bbox 901 2261 1065 2304; x_wconf 89' lang='lat' dir='ltr'><strong>Servius</strong></span> <span class='ocrx_word' id='word_1_355' title='bbox 1094 2263 1136 2303; x_wconf 90' lang='lat' dir='ltr'><strong>in</strong></span> <span class='ocrx_word' id='word_1_356' title='bbox 1165 2263 1334 2303; x_wconf 91' lang='lat' dir='ltr'><strong>Aeneid.</strong></span> <span class='ocrx_word' id='word_1_357' title='bbox 1366 2263 1402 2314; x_wconf 86' lang='grc'><strong>8,</strong></span> <span class='ocrx_word' id='word_1_358' title='bbox 1427 2264 1503 2304; x_wconf 74' lang='lat'><strong>337</strong></span> <span class='ocrx_word' id='word_1_359' title='bbox 1535 2264 1646 2302; x_wconf 54' lang='lat' dir='ltr'><strong>iveta</strong></span> <span class='ocrx_word' id='word_1_360' title='bbox 1678 2270 1835 2317; x_wconf 79' lang='lat' dir='ltr'><strong>portam</strong></span> <span class='ocrx_word' id='word_1_361' title='bbox 1865 2277 1964 2316; x_wconf 80' lang='lat' dir='ltr'><strong>quae</strong></span> <span class='ocrx_word' id='word_1_362' title='bbox 1990 2266 2122 2317; x_wconf 83' lang='lat' dir='ltr'><strong>primo</strong></span> <span class='ocrx_word' id='word_1_363' title='bbox 2153 2280 2178 2304; x_wconf 91' lang='lat' dir='ltr'><strong>a</strong></span> 
     </span>
     <span class='ocr_line' id='line_1_32' title="bbox 201 2335 2177 2389; baseline -0.001 -11"><span class='ocrx_word' id='word_1_364' title='bbox 201 2338 402 2378; x_wconf 77' lang='lat' dir='ltr'><strong>Carmente</strong></span> <span class='ocrx_word' id='word_1_365' title='bbox 431 2336 688 2378; x_wconf 75' lang='lat' dir='ltr'><strong>Carmentalis</strong></span> <span class='ocrx_word' id='word_1_366' title='bbox 718 2337 822 2376; x_wconf 79' lang='lat' dir='ltr'><strong>dicta</strong></span> <span class='ocrx_word' id='word_1_367' title='bbox 851 2343 918 2386; x_wconf 72' lang='lat' dir='ltr'><strong>est,</strong></span> <span class='ocrx_word' id='word_1_368' title='bbox 947 2343 1036 2388; x_wconf 67' lang='lat' dir='ltr'><strong>post</strong></span> <span class='ocrx_word' id='word_1_369' title='bbox 1065 2336 1250 2375; x_wconf 76' lang='lat' dir='ltr'><strong>scelerata</strong></span> <span class='ocrx_word' id='word_1_370' title='bbox 1280 2350 1305 2374; x_wconf 91' lang='lat' dir='ltr'><strong>a</strong></span> <span class='ocrx_word' id='word_1_371' title='bbox 1335 2335 1472 2374; x_wconf 72' lang='lat' dir='ltr'><strong>Fabiis</strong></span> <span class='ocrx_word' id='word_1_372' title='bbox 1501 2337 1675 2374; x_wconf 73' lang='lat' dir='ltr'><strong>trecentis</strong></span> <span class='ocrx_word' id='word_1_373' title='bbox 1704 2350 1770 2374; x_wconf 68' lang='lat' dir='ltr'><strong>sea:</strong></span> <span class='ocrx_word' id='word_1_374' title='bbox 1801 2338 1872 2388; x_wconf 81' lang='lat' dir='ltr'><strong>qui</strong></span> <span class='ocrx_word' id='word_1_375' title='bbox 1893 2351 1965 2388; x_wconf 79' lang='lat' dir='ltr'><strong>per</strong></span> <span class='ocrx_word' id='word_1_376' title='bbox 1986 2339 2115 2389; x_wconf 72' lang='lat' dir='ltr'><strong>ips-am</strong></span> <span class='ocrx_word' id='word_1_377' title='bbox 2135 2340 2177 2376; x_wconf 83' lang='lat' dir='ltr'><strong>in</strong></span> 
     </span>
     <span class='ocr_line' id='line_1_33' title="bbox 201 2406 2177 2463; baseline -0.001 -14"><span class='ocrx_word' id='word_1_378' title='bbox 201 2410 340 2449; x_wconf 80' lang='lat' dir='ltr'><strong>bellum</strong></span> <span class='ocrx_word' id='word_1_379' title='bbox 371 2410 543 2463; x_wconf 80' lang='lat' dir='ltr'><strong>profecti</strong></span> <span class='ocrx_word' id='word_1_380' title='bbox 574 2423 653 2448; x_wconf 77' lang='lat' dir='ltr'><strong>non</strong></span> <span class='ocrx_word' id='word_1_381' title='bbox 687 2417 776 2447; x_wconf 79' lang='lat' dir='ltr'><strong>sunt</strong></span> <span class='ocrx_word' id='word_1_382' title='bbox 808 2410 965 2447; x_wconf 76' lang='lat' dir='ltr'><strong>reversi.</strong></span> <span class='ocrx_word' id='word_1_383' title='bbox 1014 2408 1093 2447; x_wconf 93' lang='lat' dir='ltr'><strong>Dio</strong></span> <span class='ocrx_word' id='word_1_384' title='bbox 1125 2406 1290 2448; x_wconf 89' lang='lat' dir='ltr'><strong>Cassius</strong></span> <span class='ocrx_word' id='word_1_385' title='bbox 1324 2410 1357 2458; x_wconf 87' lang='lat'><strong>1,</strong></span> <span class='ocrx_word' id='word_1_386' title='bbox 1389 2422 1425 2460; x_wconf 84' lang='lat' dir='ltr'><strong>p.</strong></span> <span class='ocrx_word' id='word_1_387' title='bbox 1448 2409 1517 2456; x_wconf 75' lang='lat'><strong>20,</strong></span> <span class='ocrx_word' id='word_1_388' title='bbox 1550 2408 1597 2446; x_wconf 77' lang='lat'><strong>21</strong></span> <span class='ocrx_word' id='word_1_389' title='bbox 1632 2408 1759 2447; x_wconf 87' lang='lat' dir='ltr'><strong>Bekk.</strong></span> <span class='ocrx_word' id='word_1_390' title='bbox 1792 2408 1860 2447; x_wconf 82' lang='grc' dir='ltr'><strong>διὰ</strong></span> <span class='ocrx_word' id='word_1_391' title='bbox 1890 2410 2002 2448; x_wconf 75' lang='grc' dir='ltr'><em>τοῦτο</em></span> <span class='ocrx_word' id='word_1_392' title='bbox 2036 2439 2045 2448; x_wconf 93' lang='grc'><strong>.</strong></span> <span class='ocrx_word' id='word_1_393' title='bbox 2068 2439 2077 2448; x_wconf 90' lang='grc'><strong>.</strong></span> <span class='ocrx_word' id='word_1_394' title='bbox 2109 2409 2177 2455; x_wconf 79' lang='grc' dir='ltr'><strong>τὰς</strong></span> 
     </span>
     <span class='ocr_line' id='line_1_34' title="bbox 200 2476 2178 2533; baseline 0 -12"><span class='ocrx_word' id='word_1_395' title='bbox 200 2480 329 2529; x_wconf 82' lang='grc' dir='ltr'><em>πύλας</em></span> <span class='ocrx_word' id='word_1_396' title='bbox 363 2482 413 2522; x_wconf 84' lang='grc' dir='ltr'><strong>δι’</strong></span> <span class='ocrx_word' id='word_1_397' title='bbox 452 2479 508 2522; x_wconf 83' lang='grc' dir='ltr'><strong>ὦν</strong></span> <span class='ocrx_word' id='word_1_398' title='bbox 542 2479 845 2533; x_wconf 76' lang='grc' dir='ltr'><strong><em>ἐξεστράτευσαν</em></strong></span> <span class='ocrx_word' id='word_1_399' title='bbox 873 2478 929 2532; x_wconf 78' lang='grc' dir='ltr'><strong>(οἳ</strong></span> <span class='ocrx_word' id='word_1_400' title='bbox 960 2476 1125 2531; x_wconf 77' lang='grc' dir='ltr'>Φάβιοι)</span> <span class='ocrx_word' id='word_1_401' title='bbox 1155 2480 1198 2519; x_wconf 80' lang='grc' dir='ltr'><strong>ἐν</strong></span> <span class='ocrx_word' id='word_1_402' title='bbox 1227 2477 1363 2531; x_wconf 69' lang='grc' dir='ltr'><strong><em>ἀτιμίᾳ</em></strong></span> <span class='ocrx_word' id='word_1_403' title='bbox 1392 2478 1625 2531; x_wconf 78' lang='grc' dir='ltr'><strong><em>ἐποιήσαντο</em></strong></span> <span class='ocrx_word' id='word_1_404' title='bbox 1656 2479 1753 2519; x_wconf 80' lang='grc' dir='ltr'><em>ὥστε</em></span> <span class='ocrx_word' id='word_1_405' title='bbox 1783 2482 1935 2532; x_wconf 82' lang='grc' dir='ltr'><strong><em>μηδένα</em></strong></span> <span class='ocrx_word' id='word_1_406' title='bbox 1966 2482 2017 2520; x_wconf 81' lang='grc' dir='ltr'><strong>δι’</strong></span> <span class='ocrx_word' id='word_1_407' title='bbox 2046 2480 2178 2521; x_wconf 82' lang='grc' dir='ltr'><em>αὐτῶν</em></span> 
     </span>
     <span class='ocr_line' id='line_1_35' title="bbox 200 2550 2175 2605; baseline 0 -12"><span class='ocrx_word' id='word_1_408' title='bbox 200 2554 373 2604; x_wconf 84' lang='grc' dir='ltr'><strong><em>ἄρχοντα</em></strong></span> <span class='ocrx_word' id='word_1_409' title='bbox 403 2555 559 2594; x_wconf 82' lang='grc' dir='ltr'><strong><em>διιέναι.</em></strong></span> <span class='ocrx_word' id='word_1_410' title='bbox 603 2553 718 2594; x_wconf 90' lang='lat' dir='ltr'><strong>Unus</strong></span> <span class='ocrx_word' id='word_1_411' title='bbox 738 2553 878 2593; x_wconf 92' lang='lat' dir='ltr'><strong>Livius</strong></span> <span class='ocrx_word' id='word_1_412' title='bbox 908 2567 1008 2605; x_wconf 89' lang='lat' dir='ltr'><strong>quae</strong></span> <span class='ocrx_word' id='word_1_413' title='bbox 1038 2552 1158 2592; x_wconf 88' lang='lat' dir='ltr'><strong>habet</strong></span> <span class='ocrx_word' id='word_1_414' title='bbox 1186 2550 1322 2605; x_wconf 84' lang='lat' dir='ltr'><strong>(supra</strong></span> <span class='ocrx_word' id='word_1_415' title='bbox 1353 2551 1552 2604; x_wconf 85' lang='lat' dir='ltr'><strong>adscripta</strong></span> <span class='ocrx_word' id='word_1_416' title='bbox 1581 2566 1617 2603; x_wconf 80' lang='lat' dir='ltr'><strong>p.</strong></span> <span class='ocrx_word' id='word_1_417' title='bbox 1643 2550 1710 2603; x_wconf 83' lang='lat'><strong>11)</strong></span> <span class='ocrx_word' id='word_1_418' title='bbox 1741 2553 1974 2605; x_wconf 87' lang='lat' dir='ltr'><strong>ambiguum</strong></span> <span class='ocrx_word' id='word_1_419' title='bbox 2005 2560 2065 2593; x_wconf 90' lang='lat' dir='ltr'><strong>est</strong></span> <span class='ocrx_word' id='word_1_420' title='bbox 2086 2569 2175 2593; x_wconf 88' lang='lat' dir='ltr'><strong>ean-</strong></span> 
     </span>
     <span class='ocr_line' id='line_1_36' title="bbox 202 2624 2175 2680; baseline -0.001 -14"><span class='ocrx_word' id='word_1_421' title='bbox 202 2626 343 2666; x_wconf 90' lang='lat' dir='ltr'><strong>demne</strong></span> <span class='ocrx_word' id='word_1_422' title='bbox 372 2627 415 2667; x_wconf 90' lang='lat' dir='ltr'><strong>in</strong></span> <span class='ocrx_word' id='word_1_423' title='bbox 444 2633 596 2680; x_wconf 88' lang='lat' dir='ltr'><strong>partem</strong></span> <span class='ocrx_word' id='word_1_424' title='bbox 626 2627 885 2679; x_wconf 88' lang='lat' dir='ltr'><strong>interpretere</strong></span> <span class='ocrx_word' id='word_1_425' title='bbox 915 2639 963 2664; x_wconf 89' lang='lat' dir='ltr'><strong>an</strong></span> <span class='ocrx_word' id='word_1_426' title='bbox 995 2625 1051 2664; x_wconf 88' lang='lat' dir='ltr'><strong>ita</strong></span> <span class='ocrx_word' id='word_1_427' title='bbox 1081 2630 1123 2664; x_wconf 88' lang='lat' dir='ltr'><strong>ut</strong></span> <span class='ocrx_word' id='word_1_428' title='bbox 1146 2624 1361 2664; x_wconf 89' lang='lat' dir='ltr'><strong>Fabiorum</strong></span> <span class='ocrx_word' id='word_1_429' title='bbox 1391 2624 1592 2663; x_wconf 86' lang='lat' dir='ltr'><strong>interitum</strong></span> <span class='ocrx_word' id='word_1_430' title='bbox 1623 2624 1716 2663; x_wconf 92' lang='lat' dir='ltr'><strong>inde</strong></span> <span class='ocrx_word' id='word_1_431' title='bbox 1747 2624 1866 2665; x_wconf 88' lang='lat' dir='ltr'><strong>ducat</strong></span> <span class='ocrx_word' id='word_1_432' title='bbox 1895 2626 2000 2678; x_wconf 91' lang='lat' dir='ltr'><strong>quod</strong></span> <span class='ocrx_word' id='word_1_433' title='bbox 2023 2633 2175 2678; x_wconf 86' lang='lat' dir='ltr'><strong>portam</strong></span> 
     </span>
    </p>
   </div>
   <div class='ocr_carea' id='block_1_3' title="bbox 397 2808 2174 2854">
    <p class='ocr_par' dir='ltr' id='par_1_3' title="bbox 397 2808 2174 2854">
     <span class='ocr_line' id='line_1_37' title="bbox 397 2808 2174 2854; baseline -0.001 -9"><span class='ocrx_word' id='word_1_434' title='bbox 397 2813 429 2854; x_wconf 87' lang='lat'><strong>*)</strong></span> <span class='ocrx_word' id='word_1_435' title='bbox 454 2818 605 2846; x_wconf 74' lang='lat' dir='ltr'><strong>trecentos</strong></span> <span class='ocrx_word' id='word_1_436' title='bbox 627 2822 717 2846; x_wconf 86' lang='lat' dir='ltr'><strong>nunc</strong></span> <span class='ocrx_word' id='word_1_437' title='bbox 742 2811 826 2844; x_wconf 83' lang='lat' dir='ltr'><strong>dicit</strong></span> <span class='ocrx_word' id='word_1_438' title='bbox 848 2810 1010 2845; x_wconf 86' lang='lat' dir='ltr'><strong>universe</strong></span> <span class='ocrx_word' id='word_1_439' title='bbox 1033 2820 1118 2852; x_wconf 86' lang='lat' dir='ltr'><strong>qnos</strong></span> <span class='ocrx_word' id='word_1_440' title='bbox 1143 2819 1245 2852; x_wconf 84' lang='lat' dir='ltr'><strong>supra</strong></span> <span class='ocrx_word' id='word_1_441' title='bbox 1270 2808 1468 2843; x_wconf 84' lang='lat' dir='ltr'><strong>accuratius</strong></span> <span class='ocrx_word' id='word_1_442' title='bbox 1494 2815 1540 2842; x_wconf 84' lang='lat' dir='ltr'><strong>ter</strong></span> <span class='ocrx_word' id='word_1_443' title='bbox 1563 2816 1685 2843; x_wconf 78' lang='lat' dir='ltr'><strong>centum</strong></span> <span class='ocrx_word' id='word_1_444' title='bbox 1710 2817 1758 2844; x_wconf 82' lang='lat' dir='ltr'><strong>ter</strong></span> <span class='ocrx_word' id='word_1_445' title='bbox 1782 2812 1858 2844; x_wconf 81' lang='lat' dir='ltr'><strong>duos</strong></span> <span class='ocrx_word' id='word_1_446' title='bbox 1887 2810 2087 2854; x_wconf 84' lang='lat' dir='ltr'><strong>appellavit.</strong></span> <span class='ocrx_word' id='word_1_447' title='bbox 2123 2811 2174 2845; x_wconf 85' lang='lat' dir='ltr'><strong>Cf.</strong></span> 
     </span>
    </p>
   </div>
   <div class='ocr_carea' id='block_1_4' title="bbox 201 2872 1580 2976">
    <p class='ocr_par' dir='ltr' id='par_1_4' title="bbox 201 2872 1580 2976">
     <span class='ocr_line' id='line_1_38' title="bbox 201 2872 538 2915; baseline 0.003 -10"><span class='ocrx_word' id='word_1_448' title='bbox 201 2873 253 2905; x_wconf 85' lang='lat' dir='ltr'><strong>Ex</strong></span> <span class='ocrx_word' id='word_1_449' title='bbox 277 2872 386 2906; x_wconf 89' lang='lat' dir='ltr'><strong>Ponto</strong></span> <span class='ocrx_word' id='word_1_450' title='bbox 409 2874 439 2914; x_wconf 87' lang='lat'><strong>1,</strong></span> <span class='ocrx_word' id='word_1_451' title='bbox 462 2874 494 2915; x_wconf 84' lang='lat'><strong>2,</strong></span> <span class='ocrx_word' id='word_1_452' title='bbox 517 2874 538 2906; x_wconf 85' lang='lat'><strong>2</strong></span> 
     </span>
     <span class='ocr_line' id='line_1_39' title="bbox 729 2932 1580 2976; baseline -0.004 -10"><span class='ocrx_word' id='word_1_453' title='bbox 729 2933 793 2974; x_wconf 76' lang='lat' dir='ltr'><strong>Qui</strong></span> <span class='ocrx_word' id='word_1_454' title='bbox 814 2935 904 2966; x_wconf 74' lang='lat' dir='ltr'><strong>nasei</strong></span> <span class='ocrx_word' id='word_1_455' title='bbox 925 2938 959 2965; x_wconf 80' lang='lat' dir='ltr'><strong>ut</strong></span> <span class='ocrx_word' id='word_1_456' title='bbox 980 2943 1094 2976; x_wconf 74' lang='lat' dir='ltr'><strong>posses,</strong></span> <span class='ocrx_word' id='word_1_457' title='bbox 1118 2933 1258 2975; x_wconf 77' lang='lat' dir='ltr'><strong>quamvis</strong></span> <span class='ocrx_word' id='word_1_458' title='bbox 1281 2932 1418 2964; x_wconf 82' lang='lat' dir='ltr'><strong>cecidere</strong></span> <span class='ocrx_word' id='word_1_459' title='bbox 1441 2933 1580 2972; x_wconf 72' lang='lat' dir='ltr'><strong>trecen-ti,</strong></span> 
     </span>
    </p>
   </div>
   <div class='ocr_carea' id='block_1_5' title="bbox 792 2993 1909 3091">
    <p class='ocr_par' dir='ltr' id='par_1_5' title="bbox 792 2993 1909 3091">
     <span class='ocr_line' id='line_1_40' title="bbox 792 2993 1461 3027; baseline -0.003 0"><span class='ocrx_word' id='word_1_460' title='bbox 792 2994 865 3027; x_wconf 86' lang='lat' dir='ltr'><strong>Non</strong></span> <span class='ocrx_word' id='word_1_461' title='bbox 887 3005 989 3027; x_wconf 76' lang='lat' dir='ltr'><strong>omnes</strong></span> <span class='ocrx_word' id='word_1_462' title='bbox 1013 2993 1129 3027; x_wconf 73' lang='lat' dir='ltr'><strong>Fabios</strong></span> <span class='ocrx_word' id='word_1_463' title='bbox 1150 2993 1278 3026; x_wconf 77' lang='lat' dir='ltr'><strong>abstulit</strong></span> <span class='ocrx_word' id='word_1_464' title='bbox 1300 3003 1364 3026; x_wconf 83' lang='lat' dir='ltr'><strong>ana</strong></span> <span class='ocrx_word' id='word_1_465' title='bbox 1387 2993 1461 3026; x_wconf 73' lang='lat' dir='ltr'><strong>dies.</strong></span> 
     </span>
     <span class='ocr_line' id='line_1_41' title="bbox 1866 3059 1909 3091; baseline 0 -14"><span class='ocrx_word' id='word_1_466' title='bbox 1866 3059 1909 3091; x_wconf 65' lang='grc'><strong>3*</strong></span> 
     </span>
    </p>
   </div>
  </div>
 </body>
</html>
