2466 3370
1197 105 1248 145 10

229 217 383 268 colligit
424 230 579 268 unaque
621 216 819 254 sententia
859 215 1032 266 reponit:
1091 216 1133 253 in
1172 215 1244 254 illa
1288 215 1341 254 Et
1376 228 1498 266 yenus
1534 221 1568 252 et
1604 213 1737 264 facies
1772 215 2047 266 inqeniumqne
2081 214 2207 253 simul.

230 289 309 329 Ubi
347 289 412 328 hic
447 288 745 340 reprehensioni
776 287 886 326 locus
921 287 1008 327 est?
1053 285 1161 336 Quin
1192 286 1296 339 quod
1328 286 1510 338 exposita
1540 285 1739 326 sententia
1774 300 1909 326 rursus
1939 285 2115 336 refertur,
2146 286 2210 327 vel

230 361 404 400 maxime
435 358 623 399 Ovidiani
656 359 775 399 moris
806 367 876 408 est,
914 373 1031 411 quem
1063 373 1152 398 cum
1183 359 1308 399 multa
1337 357 1558 408 ostendant,
1592 358 1701 397 velut
1729 372 1829 411 quae
1859 359 1895 410 4,
1915 359 1995 398 543
2025 359 2211 410 leguntur

661 475 663 477 ,
698 430 797 470 Tota
828 432 965 470 domus
995 431 1097 471 laeta
1128 439 1194 481 est,
1224 432 1295 471 Izoc
1325 438 1379 469 est
1407 438 1603 483 materque
1626 438 1816 484 paterque

761 504 957 555 Nataque.
1002 511 1078 542 tre3
1108 505 1171 542 illi·
1198 512 1277 542 tota
1295 503 1416 554 fuere
1445 503 1595 552 domus,

231 583 314 616 tum
346 577 567 628 exemplum
601 577 639 614 in
669 582 846 615 extremo
869 577 997 627 capite
1029 577 1155 628 primo
1182 576 1366 628 positum,
1396 575 1498 613 unde
1520 575 1634 613 nobis
1656 575 1805 627 aliquid
1828 575 1996 615 subsidii
2017 576 2055 616 in
2078 575 2209 615 defen-

232 649 361 687 dendo
391 649 464 687 hoc
495 649 581 686 loco
611 648 696 686 fore
726 648 1010 699 praediximus.

694 719 822 770 Aufer
861 719 971 759 Vesta
1000 721 1112 759 diem.
1145 720 1301 772 coynati
1340 717 1450 758 Vasta
1481 726 1632 771 recepta
1663 726 1715 758 est

758 790 926 831 Limine.
959 793 1015 830 sic
1042 793 1137 833 iusti
1162 792 1391 829 constituere
1416 798 1564 843 patres.

695 863 875 902 Phoebus
906 864 1018 902 habet
1042 872 1208 916 partem,
1253 864 1382 901 Vectae
1405 877 1506 915 pare
1537 863 1661 901 altera
1691 865 1815 912 cessit,

763 935 880 983 Quod
907 944 1081 988 supereet
1108 936 1200 985 illis,
1232 937 1367 974 tertius
1395 937 1479 987 ipse
1508 942 1616 974 tenet.

695 1006 804 1047 State
835 1008 1048 1047 Palatinae
1078 1007 1211 1046 laurus·
1235 1014 1518 1060 praetextaque
1548 1019 1691 1059 quercu

762 1078 844 1119 Stet
873 1080 1030 1119 domus:
1061 1086 1234 1119 aeternos
1264 1086 1339 1118 tres
1368 1078 1480 1118 habet
1508 1092 1588 1118 una
1618 1079 1719 1118 deos.

229 1151 412 1191 Laudata
441 1157 574 1190 autem
604 1151 733 1190 tribus
764 1152 946 1204 partibus
967 1151 1120 1191 Marcia
1149 1151 1251 1204 quod
1276 1152 1544 1203 praedicatam
1564 1153 1706 1192 faciem
1737 1158 1995 1191 excusaturus
2027 1160 2143 1203 poeta
2172 1154 2211 1191 in

230 1224 337 1262 hunc
363 1224 524 1262 modum
555 1224 776 1262 orationem
807 1225 1015 1263 continuat
1044 1239 1111 1262 nec
1141 1225 1247 1276 quod
1276 1225 1483 1263 laudamuc
1501 1225 1696 1276 sormam,
1728 1232 1768 1263 tu
1798 1232 1910 1276 turpe
1936 1225 2093 1276 putaris
2124 1231 2211 1275 cet.,

229 1296 304 1335 hoc
334 1311 459 1347 genus
489 1295 680 1334 redeundi
702 1296 937 1348 interposito
969 1295 1138 1335 disticho
1160 1296 1363 1348 aliquanto
1390 1296 1521 1348 aptius
1541 1295 1664 1336 fuisse
1696 1295 1893 1335 sentimus
1925 1310 2042 1349 quam
2074 1295 2212 1336 eodem

231 1369 381 1407 omisso
412 1368 445 1407 si
476 1367 574 1406 haec
604 1367 684 1406 illis
715 1369 756 1405 in
778 1381 857 1419 qua
872 1382 955 1419 par
972 1369 1105 1418 facies
1133 1368 1332 1406 nobilitate
1360 1382 1432 1406 sua
1463 1369 1650 1408 continuo
1681 1368 1982 1407 subiicerentur.
2027 1368 2212 1421 Denique

232 1440 419 1492 quoniam
452 1439 499 1478 de
529 1439 837 1478 internoscendo
869 1438 1016 1480 Ovidio
1053 1446 1091 1478 et
1127 1439 1408 1492 interpolatore
1444 1440 1591 1491 agitur,
1633 1454 1712 1478 non
1749 1439 2030 1491 negligendum
2067 1446 2127 1479 est
2155 1439 2214 1479 in-

231 1512 344 1562 signe
375 1511 554 1550 variandi
585 1510 773 1562 studium,
807 1509 955 1549 Ovidio
993 1511 1173 1562 inprimis
1200 1510 1375 1562 dignum,
1409 1525 1485 1563 quo
1503 1511 1645 1563 forma
1675 1517 1714 1551 et
1731 1511 1878 1563 faciee,
1910 1513 2064 1551 animae
2093 1518 2132 1551 et
2156 1514 2214 1551 in-

229 1584 400 1635 gyem‘um,
430 1596 582 1631 nomen,
611 1596 747 1633 ymas,
777 1581 964 1621 nobilitas
993 1582 1097 1620 inter
1127 1596 1168 1620 se
1199 1582 1416 1620 miscentur
1445 1588 1484 1620 et
1514 1588 1799 1634 permutantur.

431 1655 466 1692 3.
513 1654 574 1692 De
603 1654 820 1692 Fabiorum
851 1654 1013 1692 interitu
1044 1667 1145 1704 quae
1175 1660 1309 1691 narrat
1335 1652 1504 1692 Ovidius
1536 1654 1576 1692 in
1608 1653 1781 1693 secundo
1802 1653 1945 1695 Petrus
1976 1654 2032 1693 ita
2061 1654 2215 1694 edenda

232 1725 398 1766 curavit.

555 1797 632 1836 195
690 1797 800 1836 Haec
817 1796 907 1848 fuit
935 1796 1005 1834 illa
1036 1797 1131 1845 dies,
1162 1798 1205 1834 in
1235 1810 1312 1848 qua
1353 1796 1567 1836 Veientibus
1598 1799 1720 1836 armis

764 1870 838 1908 Ter
867 1876 1018 1908 centum
1050 1869 1170 1908 Fabii
1196 1876 1253 1908 ter
1281 1870 1448 1908 cecidere
1478 1870 1566 1909 duo.

706 1941 791 1981 Una
819 1941 957 1980 domus
987 1943 1088 1980 vires
1118 1948 1153 1980 et
1182 1955 1278 1980 onus
1307 1949 1528 1994 suec-eperat
1556 1943 1684 1981 urbis:

764 2012 934 2051 sumunt
960 2012 1123 2064 yentiles
1153 2026 1265 2050 arma
1289 2013 1474 2064 professa
1501 2027 1653 2051 manus.

696 2084 910 2136 Eyreditur
939 2086 1078 2123 castrias
1108 2084 1217 2122 miles
1245 2097 1453 2136 qeneroeus
1483 2084 1531 2122 ab
1561 2086 1695 2135 isdem,

571 2156 651 2193 200
763 2157 805 2193 Ε
831 2158 918 2207 quie
948 2157 1030 2194 dua*
1047 2157 1144 2205 fieri
1173 2156 1333 2207 quilibet
1362 2165 1477 2207 aptae
1506 2165 1599 2195 erat.

701 2227 916 2267 Carmentis
941 2236 1084 2280 portae
1114 2228 1249 2267 dextro
1280 2236 1333 2267 est
1362 2230 1424 2267 via
1451 2230 1638 2281 proxima
1666 2230 1797 2269 ἰἀνιο.Ι

766 2299 829 2338 Ire
856 2314 927 2352 per
956 2300 1056 2339 hanc
1084 2300 1182 2348 noli,
1216 2300 1395 2352 quisquis
1425 2314 1481 2339 ee:
1512 2313 1621 2339 omen
1650 2301 1771 2339 habet.

573 2371 653 2410 205
716 2371 764 2410 [λ
793 2373 907 2410 celeri
929 2387 1055 2425 passu
1086 2372 1307 2411 Cremeram
1337 2375 1491 2424 tetiqere
1519 2386 1703 2425 rapacem

767 2443 989 2491 (Turbidus
1019 2445 1191 2482 hibernis
1221 2445 1287 2483 ille
1305 2444 1456 2494 fluebat
1483 2444 1630 2496 aquie).

701 2515 837 2554 Castra
868 2516 949 2554 loco
974 2524 1130 2569 ponunt
1160 2538 1210 2543 —

236 2587 364 2625 Multa
401 2593 494 2625 sunt
530 2588 570 2625 in
607 2587 669 2626 his
708 2588 888 2627 versibus
926 2603 1025 2639 quae
1064 2589 1294 2628 etiamnunc
1330 2589 1558 2640 interpretis
1598 2602 1732 2628 curam
1773 2587 1973 2640 requirere
2018 2586 2213 2639 videntur,

237 2658 346 2697 velut
375 2658 480 2709 quod
502 2657 646 2698 Petrus
677 2658 725 2698 ad
759 2674 793 2698 v.
820 2660 897 2699 199
918 2660 1081 2700 adnotat
1107 2662 1246 2701 castris
1277 2660 1324 2699 ab
1345 2661 1465 2699 iedem
1496 2674 1582 2700 esse
1606 2658 1672 2699 ‘ab
1694 2659 1832 2699 eadem
1854 2657 2002 2710 domo'‚
2036 2660 2102 2699 vix
2122 2674 2214 2699 cen-

237 2743 369 2769 semus
399 2729 558 2782 probari
589 2743 723 2782 posse:
757 2730 902 2783 quippe
933 2731 1029 2770 haec
1060 2738 1121 2771 est
1141 2732 1339 2771 sententia
1360 2745 1479 2783 quam
1499 2732 1619 2770 habet
1640 2731 1838 2771 distichon
1860 2731 2100 2783 praecedens
2131 2733 2216 2771 Una

237 2802 374 2839 domus
402 2804 504 2840 vires
533 2810 569 2841 et
597 2816 694 2840 onus
724 2812 946 2855 susceperat
975 2804 1094 2843 urbis.
1141 2802 1220 2843 Sed
1242 2804 1532 2859 quoniam-dua·
1561 2811 1600 2842 et
1619 2805 1727 2842 miles
1756 2804 1860 2842 inter
1886 2817 1929 2842 se
1949 2811 2212 2856 opponuntur,

238 2873 311 2911 hac
340 2874 511 2924 figurata
540 2875 718 2913 oratione
748 2872 894 2926 (neque
925 2875 1031 2914 enim
1062 2877 1218 2928 proprie
1240 2876 1425 2914 dicuntur
1450 2877 1583 2928 eyredi
1600 2891 1618 2916 e
1638 2877 1787 2927 castris,
1819 2889 1920 2928 quae
1950 2875 2125 2927 vulgaris
2155 2882 2216 2916 est

238 2945 426 2996 loquendi
455 2946 557 2984 ratio
588 2946 636 2984 de
672 2947 867 2986 militibus
905 2947 945 2985 in
982 2961 1155 2998 pugnam
1190 2945 1554 2999 proficiscentibus)
1584 2947 1658 2986 hoc
1694 2947 1773 2986 dici
1810 2946 1967 2987 videtur
2001 2962 2214 2998 generosos

239 3016 329 3056 illos
365 3017 449 3068 pari
485 3017 609 3069 gradu
646 3025 685 3056 et
720 3017 953 3057 condicione
991 3018 1137 3059 milites
1172 3019 1311 3070 fuisse,
1358 3033 1596 3073 quamquam
1640 3019 1809 3072 quilibet
1843 3033 1976 3061 eorum
2013 3019 2093 3061 dux
2127 3034 2215 3061 esse
