2466 3370
635 845 1212 903 VNIVERSITA'PIS
1262 845 1791 902 LITTERARIAE

826 1008 1193 1054 FRIDERIGAE
1236 1009 1593 1055 GVILELMAE

490 1165 1015 1246 RECTOR
1079 1166 1238 1245 ET
1303 1165 1925 1246 SENATVS.

224 1378 449 1470 Semestri
481 1426 632 1466 aestivo
664 1439 788 1477 paene
819 1432 958 1464 exacto
989 1425 1109 1464 studii
1141 1425 1358 1464 academici
1379 1426 1669 1464 institutionem
1691 1439 1791 1477 quae
1813 1440 1883 1464 sex
1905 1427 2108 1464 mensibus
2130 1427 2194 1478 qui

221 1499 483 1551 insequuntur
518 1498 695 1538 hibernis
732 1497 880 1536 valebit
915 1497 1161 1537 sollemniter
1196 1497 1407 1535 indicimus
1445 1497 1725 1548 hortamurque
1756 1497 2044 1536 commilitones
2077 1506 2118 1536 ut
2147 1512 2196 1536 ex

222 1571 447 1610 admirabili
479 1571 553 1609 hac
584 1585 702 1622 quam
734 1571 969 1622 exponimus
999 1570 1224 1609 scholarum
1256 1570 1501 1609 abundantia
1531 1585 1576 1609 ac
1598 1570 1788 1609 varietate
1811 1570 1886 1610 sibi
1909 1571 2076 1623 quisque
2096 1585 2196 1623 quae

220 1643 390 1682 maxime
421 1642 880 1700 conducerekvideantur
909 1642 1080 1694 seligant
1110 1642 1335 1694 selectaque
1366 1642 1459 1681 totis
1493 1642 1642 1681 viribus
1672 1642 1961 1694 amplectantur
1991 1642 2094 1681 haud
2126 1643 2195 1680 im-

218 1729 410 1754 memores
455 1716 495 1754 in
530 1715 750 1754 litterarum
788 1714 930 1753 studiis
967 1714 1054 1766 plus
1091 1714 1220 1766 putari
1256 1714 1471 1766 profecisse
1509 1714 1575 1767 qui
1613 1714 1780 1753 multum
1817 1729 1933 1767 quam
1969 1715 2035 1767 qui
2074 1716 2196 1754 multa

217 1793 421 1827 assecutus
456 1787 585 1825 fuerit.
651 1784 823 1838 Copioso
858 1793 989 1824 autem
1025 1786 1240 1825 lectionum
1277 1786 1682 1838 exercitationumque
1717 1787 1896 1825 recensui
1934 1800 2041 1824 more
2079 1786 2193 1825 trala-

218 1859 310 1898 ticio
332 1858 614 1911 praefationem
637 1858 926 1910 praemittimus
948 1872 968 1897 e
990 1858 1193 1897 doctrinae
1216 1858 1357 1897 studiis
1379 1859 1542 1910 petitam
1565 1872 1729 1910 eamque
1752 1859 1853 1910 parti
1875 1858 2036 1909 quidem
2057 1873 2192 1897 eorum

218 1931 285 1982 qui
320 1931 359 1969 in
397 1930 471 1969 hac
506 1930 726 1968 litterarum
757 1929 849 1968 sede
880 1929 1027 1968 scholis
1058 1930 1250 1968 interesse
1281 1930 1446 1981 cupiunt
1474 1929 1825 1968 accommodatam.
1872 1928 2051 1978 Quarum
2083 1944 2192 1981 prae-

217 2002 409 2041 fationum
444 2008 675 2052 argumenta
713 2007 754 2039 ut
788 2000 1018 2052 plerumque
1049 2001 1089 2039 in
1119 2007 1323 2052 poetarum
1353 2008 1529 2039 veterum
1560 2001 1673 2039 libris
1704 2001 2012 2052 interpretandis
2044 2002 2192 2040 versari

218 2074 430 2123 voluimus,
467 2074 523 2112 ita
556 2087 662 2111 nunc
692 2072 826 2111 Ovidii
857 2073 1030 2111 Nasonis
1060 2072 1168 2111 Fasti
1206 2072 1399 2111 dederunt
1428 2072 1476 2111 de
1506 2087 1583 2124 quo
1614 2072 1920 2125 disputaremus:
1960 2072 2193 2113 videbamur

217 2147 323 2184 enim
358 2146 474 2184 nobis
510 2144 691 2183 nonnihil
727 2144 904 2183 conferre
939 2158 1055 2195 posse
1091 2143 1140 2183 ad
1176 2144 1292 2184 huius
1328 2145 1457 2196 operis
1494 2159 1677 2184 versuum
1713 2144 1959 2197 quorundam
1989 2145 2073 2184 sive
2104 2160 2190 2184 sen·

216 2218 383 2257 tentiam
413 2216 691 2257 declarandam
722 2216 805 2257 sive
837 2216 1070 2270 scripturam
1102 2215 1400 2267 stabiliendam3
1438 2230 1677 2270 quamquam
1709 2217 1832 2256 multa
1860 2230 1938 2256 non
1968 2224 2061 2257 sunt
2090 2231 2191 2270 quae

216 2290 485 2343 expromimus
519 2302 648 2342 neque
684 2302 730 2329 ea
764 2302 910 2342 magna
944 2288 1119 2328 novitate
1154 2289 1405 2328 inventorum
1440 2290 1613 2341 insignia
1648 2289 1716 2328 sed
1751 2290 1918 2328 fortasse
1954 2304 1999 2327 eo
2030 2291 2191 2329 nomine

217 2375 294 2399 non
331 2361 488 2399 inutilia
522 2362 615 2413 quia
650 2361 912 2411 componendi
948 2367 1073 2398 artem
1104 2360 1346 2399 Ovidianam
1381 2362 1421 2399 in
1459 2362 1519 2399 his
1555 2363 1796 2400 carminibus
1832 2363 2003 2400 maxime
2035 2364 2191 2414 conspi-

216 2448 329 2472 cuam
366 2440 405 2472 et
441 2447 541 2485 quae
578 2447 695 2484 saepe
730 2432 858 2471 doctis
893 2446 1031 2472 ansam
1062 2447 1237 2472 errorum
1269 2432 1421 2472 dederit
1453 2448 1528 2472 uno
1559 2442 1597 2472 et
1626 2434 1748 2472 altero
1780 2433 1960 2486 exemplo
1991 2433 2191 2473 illustrare

217 2505 423 2556 contingit.
483 2503 586 2544 Sunt
614 2512 745 2544 autem
775 2503 884 2543 haec.
2085 2511 2090 2514 '

416 2579 449 2616 1.
495 2577 542 2616 In
573 2576 782 2616 Fastorum
811 2577 938 2628 primo
970 2583 1084 2628 poeta
1115 2566 1203 2615 cum
1233 2590 1256 2615 a
1285 2576 1382 2615 Iano
1414 2591 1513 2628 quae
1545 2584 1604 2616 est
1634 2578 1727 2615 anni
1749 2578 1858 2628 origo
1881 2578 2037 2616 initium
2060 2579 2192 2629 capiat

215 2649 427 2688 sollemnia
457 2650 634 2688 calendis
664 2649 861 2687 Ianuariis
890 2649 976 2687 fieri
1007 2649 1124 2687 solita
1153 2648 1214 2686 his
1246 2649 1426 2688 versibus
1458 2649 1658 2688 describit.

564 2722 615 2762 75
673 2720 809 2762 Cernis
840 2721 1013 2761 odoratis
1042 2727 1085 2760 ut
1114 2720 1239 2760 luceat
1265 2720 1422 2774 iynibus
1450 2721 1578 2760 aether

744 2792 798 2832 Et
824 2800 932 2832 sonet
960 2794 1130 2832 accensis
1159 2794 1270 2846 spica
1300 2791 1439 2833 Cilissa
1457 2793 1591 2844 focis?

674 2866 854 2903 Flamma
882 2866 1007 2903 nitore
1035 2878 1104 2902 «suo
1135 2866 1365 2916 templorum
1394 2865 1569 2902 verberat
1597 2880 1738 2902 aurum

741 2938 795 2975 Ec
823 2938 1028 2976 tremulum
1057 2951 1207 2976 summa
1235 2938 1389 2988 sparyit
1417 2938 1460 2976 in
1488 2938 1581 2976 aede
1608 2936 1735 2976 iubar.

686 3007 858 3048 Vestibus
886 3009 1042 3047 intactis
1078 3006 1268 3060 Tarpeias
1297 3009 1377 3046 itur
1403 3008 1446 3046 in
1475 3021 1582 3046 arces

1881 3079 1925 3114 1*
