2466 3370
1228 108 1254 150 6

246 218 323 260 His
360 220 540 260 versibus
578 220 675 259 illud
711 236 789 260 non
828 221 1014 273 prohibet
1043 221 1254 273 quominus
1284 220 1326 259 in
1356 226 1493 260 nostra
1522 219 1755 272 quaestione
1785 225 1959 271 utamur,
1999 219 2104 273 quod
2134 219 2227 259 inde

246 307 269 331 a
299 294 396 340 283,
434 293 528 344 quia
558 292 842 332 Germanicum
874 292 1182 345 Germanicique
1217 307 1280 332 res
1317 299 1449 343 gestas
1483 291 1665 342 laudant,
1703 292 1743 331 in
1780 292 2061 332 retractatione
2096 292 2227 345 operis

245 362 475 403 Germanici
507 378 628 404 causa
656 364 840 404 instituta
869 364 995 404 additi
1026 371 1135 404 sunt:
1167 364 1206 403 in
1238 364 1539 416 compositionis
1569 377 1712 415 genere
1744 364 1806 403 vel
1835 364 1976 402 leviter
2006 364 2227 403 attendenti

244 449 324 474 non
355 441 485 488 potest
513 450 594 475 non
624 436 795 488 insignis
826 437 1021 489 quaedam
1052 435 1270 475 similitudo
1300 449 1502 487 apparere.
1547 434 1603 474 Ut
1632 435 1738 473 enim
1759 435 1842 473 illic
1861 434 2011 485 Iovem,
2044 435 2102 474 sic
2122 449 2226 474 nunc

243 506 386 545 Ianum
417 508 555 546 orbem
586 515 779 546 terrarum
811 509 1041 558 intuentem,
1075 515 1117 546 ut
1145 508 1256 545 illum
1278 507 1335 545 nil
1356 507 1433 546 nisi
1454 506 1692 556 Romanum,
1725 507 1783 546 sic
1803 505 1907 545 hunc
1928 520 2123 559 nusquam
2144 521 2224 546 non

243 592 381 631 pacem
412 580 674 632 aspicientem
703 579 817 630 facit3
849 586 887 618 et
915 579 1013 619 haec
1042 579 1123 618 illic
1153 579 1338 618 salutatio
1370 578 1574 617 sollemnis
1606 577 1697 628 diei,
1729 576 1794 617 hic
1823 591 1960 630 preces
1991 577 2039 617 de
2069 591 2224 618 conser-

245 650 374 689 vanda
410 665 508 704 pace
545 652 761 704 excipiunt.
821 652 924 691 Nam
960 651 1033 690 hoc
1068 651 1320 703 perspicuum
1357 664 1443 689 esse
1478 656 1627 702 potest,
1665 664 1711 688 ea
1745 664 1846 702 quae
1882 650 1929 689 de
1958 650 2057 690 Iano
2088 651 2224 690 orbem

241 723 482 774 respiciente
513 723 696 762 dicantur
725 730 885 775 propter
915 737 1049 775 preces
1080 723 1156 761 dici
1188 736 1277 761 cum
1308 721 1481 774 pondere
1511 721 1727 771 subiectas,
1765 735 1867 774 quae
1896 722 1976 761 illis
2005 736 2085 761 non
2114 736 2224 775 prae-

242 795 378 833 missis
413 810 463 833 ne
500 796 612 846 sequi
650 795 810 846 quidem
847 801 1039 847 poterant.
1085 792 1218 842 Quare
1255 794 1328 833 hac
1360 793 1619 833 similitudine
1650 793 1872 833 confirmati
1902 795 2119 834 retinemus
2149 795 2224 833 hoc

241 864 349 917 quod
385 865 574 916 diximus,
617 879 666 904 ex
701 865 769 904 illo
805 879 962 918 quoque
1001 865 1260 905 distichorum
1296 865 1380 915 pari
1417 865 1525 916 prius
1561 864 1611 902 ad
1648 865 1816 903 alterum
1852 866 2020 904 relatum
2057 866 2223 904 eandem

242 937 504 988 praeparandi
539 937 620 975 vim
656 937 802 976 habere
838 951 966 989 neque
1002 944 1068 975 aut
1097 938 1238 976 abesse
1275 943 1343 975 aut
1377 936 1455 975 alio
1491 950 1568 988 quo
1605 936 1693 975 loco
1731 937 1824 988 poni
1854 938 2043 989 potuisse.
2096 937 2223 977 Simul
2263 956 2267 962 ·

241 1008 380 1047 eodem
410 1008 591 1061 exemplo
622 1009 884 1059 cognoscitur,
918 1023 994 1061 quo
1025 1008 1140 1047 modo
1170 1015 1299 1061 poeta,
1333 1008 1365 1046 si
1397 1007 1472 1046 hoc
1502 1008 1656 1060 agebat,
1688 1008 1758 1046 illa
1788 1008 1835 1047 de
1865 1008 1962 1047 Iove
1992 1023 2094 1061 quae
2122 1009 2224 1048 dixit

241 1080 450 1131 imperium
480 1080 705 1119 Romanum
736 1081 954 1132 aspiciente
985 1094 1073 1119 cum
1101 1080 1191 1118 festi
1223 1080 1300 1119 diei
1333 1080 1598 1132 descriptione
1629 1087 1862 1119 connectere
1893 1082 2080 1132 potuerit:
2118 1095 2223 1120 nunc

240 1152 426 1203 quoniam
462 1152 517 1191 ibi
554 1151 653 1190 nihil
684 1154 821 1190 eorum
851 1152 1011 1203 legitur,
1049 1166 1093 1190 eo
1124 1152 1388 1191 confidentius
1424 1166 1654 1191 asseverare
1684 1151 1779 1191 licet
1807 1151 1882 1191 hoc
1912 1167 2001 1191 eum
2032 1153 2221 1193 noluisse.

240 1223 379 1276 Neque
414 1223 488 1263 hoc
525 1224 832 1276 vituperandum
870 1231 931 1263 est
965 1232 1032 1263 aut
1066 1224 1143 1263 ista
1172 1224 1436 1263 similitudine
1466 1238 1512 1263 eo
1542 1223 1786 1263 abutendum
1819 1232 1861 1263 ut
1889 1231 2055 1276 negetur
2085 1239 2220 1264 verum

239 1309 325 1334 esse
362 1295 467 1347 quod
503 1296 759 1348 probavimus
797 1304 977 1346 extrema
1007 1296 1083 1334 duo
1114 1296 1287 1334 disticha
1315 1297 1419 1335 inter
1449 1310 1490 1335 se
1521 1296 1720 1335 artissime
1751 1310 1930 1335 connexa
1960 1298 2010 1336 ab
2041 1297 2090 1336 iis
2121 1311 2221 1349 quae

237 1367 480 1418 praecedunt
517 1375 670 1406 secreta
705 1374 827 1415 stare3
868 1367 905 1405 id
945 1367 1048 1419 quod
1081 1374 1170 1418 apte
1200 1368 1286 1406 fieri
1316 1368 1493 1420 potuisse
1524 1368 1610 1420 ipsa
1640 1381 1758 1419 quam
1790 1367 2078 1407 declaravimus
2109 1368 2221 1408 disti·

237 1438 401 1477 chorum
433 1439 534 1477 ratio
564 1439 764 1490 patefacit.
811 1438 996 1490 Denique
1027 1439 1089 1477 vel
1121 1453 1165 1477 eo
1197 1440 1354 1477 nomine
1385 1439 1482 1477 haec
1506 1440 1609 1477 inter
1630 1453 1671 1477 se
1693 1439 1841 1477 similia
1861 1447 1953 1478 sunt
1974 1440 2079 1491 quod
2101 1441 2220 1479 inter-

236 1510 367 1561 posita
401 1511 485 1549 sive
522 1510 649 1549 salute
680 1511 764 1549 sive
796 1511 980 1562 precibus
1011 1524 1080 1562 per
1110 1518 1235 1549 tamen
1266 1511 1501 1563 particulam
1533 1510 1813 1562 disputationis
1845 1525 1983 1550 cursus
2015 1512 2217 1564 repetitur,

236 1596 271 1621 v.
293 1582 346 1622 89
385 1581 507 1631 Quem
541 1589 668 1621 tamen
697 1596 777 1620 esee
806 1582 920 1621 deum
955 1590 990 1620 te
1019 1583 1164 1631 dicam,
1207 1582 1317 1632 Iane3
1359 1583 1438 1621 289
1478 1581 1594 1630 Quod
1622 1590 1749 1621 tamen
1778 1596 1825 1621 ew
1853 1584 1953 1635 ipsis
1983 1584 2093 1622 licuit
2120 1584 2219 1622 mihi

234 1654 382 1692 discere
403 1654 530 1704 fastis
561 1669 630 1703 —3
670 1654 781 1692 cuius
817 1653 1036 1705 particulae
1069 1654 1148 1692 vim
1183 1668 1299 1705 saepe
1329 1654 1467 1693 eodem
1499 1654 1665 1693 consilio
1696 1654 1798 1706 apud
1831 1655 1929 1693 alios
1960 1669 2116 1707 quoque
2148 1670 2212 1707 po-

234 1727 334 1764 sitae
364 1725 471 1764 Petri
504 1725 707 1764 adnotatio
737 1724 786 1763 ad
817 1740 853 1763 v.
877 1725 957 1764 289
988 1725 1062 1763 nisi
1095 1725 1268 1764 fallimur
1298 1740 1375 1765 non
1406 1732 1512 1764 recte
1543 1726 1797 1776 significavit.

432 1795 512 1836 Sed
542 1796 806 1836 adscribimus
836 1797 915 1836 alia
944 1797 1138 1849 exempla.

460 1870 496 1919 ἴ),
517 1869 597 1908 375
656 1869 703 1908 de
737 1869 853 1908 Flora
881 1876 1092 1921 postquam
1124 1869 1173 1907 ad
1205 1870 1338 1907 omnia
1367 1883 1466 1921 quae
1496 1869 1621 1907 voluit
1651 1876 1768 1921 poeta
1797 1869 2002 1921 respondit

699 1941 843 1978 Omnia
861 1942 1044 1990 finierat.-
1075 1949 1204 1979 tenues
1234 1943 1385 1979 secessit
1412 1943 1454 1979 in
1483 1955 1616 1979 aurae.

762 2012 913 2051 Mansit
941 2012 1056 2052 odor:
1084 2026 1219 2065 posses
1247 2012 1345 2051 scire
1362 2010 1494 2063 fuisse
1522 2012 1644 2051 deam.

695 2082 856 2122 Floreat
886 2088 928 2121 ut
956 2088 1039 2122 toto
1070 2096 1228 2121 carmen
1260 2081 1434 2120 Nasonis
1464 2082 1505 2120 in
1535 2096 1645 2132 aevo,

760 2155 922 2206 Sparge,
955 2168 1104 2207 precor,
1138 2154 1253 2193 donis
1284 2160 1444 2206 pectora
1473 2161 1609 2192 nostra
1639 2155 1729 2191 tuis.

458 2228 496 2273 ἵ),
515 2228 595 2265 595
697 2227 785 2265 Rite
814 2228 884 2265 deo
915 2228 1175 2278 templumque
1204 2227 1339 2264 datum
1367 2240 1581 2277 nomenque
1610 2225 1669 2264 bis
1698 2226 1779 2264 ulto

760 2299 814 2336 Et
842 2300 1001 2337 meritus
1028 2299 1111 2337 voti
1138 2298 1267 2337 debita
1296 2297 1412 2337 solvit
1439 2297 1573 2337 honor.

694 2366 916 2409 Sollemnes
947 2368 1061 2409 ludos
1093 2369 1198 2409 circo
1229 2368 1436 2419 celebrate,
1470 2366 1661 2417 Quirites.

760 2441 850 2480 Non
881 2442 968 2480 visa
997 2449 1057 2480 est
1085 2442 1227 2479 fortem
1260 2454 1405 2479 scaena
1435 2440 1573 2480 decere
1603 2441 1732 2480 deum.

456 2516 495 2562 4,
513 2515 590 2553 857
651 2514 777 2553 Remo
805 2514 960 2565 sepulto

698 2586 795 2624 Urbe
826 2587 964 2634 oritur,
997 2587 1085 2637 quis
1114 2593 1205 2624 tunc
1234 2585 1305 2623 hoc
1333 2585 1408 2623 ulli
1435 2585 1587 2623 credere
1610 2592 1755 2637 posset,

770 2659 958 2698 Victorem
986 2659 1101 2697 terris
1128 2659 1366 2710 impositura
1393 2658 1540 2709 pedem.

694 2727 849 2768 Cuncta
877 2743 993 2781 regas
1023 2736 1063 2767 et
1092 2729 1147 2768 sis
1178 2743 1322 2778 magno
1353 2729 1426 2767 sub
1457 2727 1629 2768 Caesare
1660 2740 1815 2780 semper

760 2802 887 2854 Saepe
917 2802 1036 2841 etiam
1067 2801 1201 2854 plures
1231 2800 1404 2839 nominis
1435 2799 1551 2840 huius
1581 2799 1702 2850 habe3

691 2872 744 2912 Et
774 2873 957 2926 quotiens
987 2872 1144 2911 steteris
1176 2872 1326 2910 domito
1357 2872 1538 2911 sublimis
1569 2872 1608 2910 in
1640 2873 1746 2922 orbe,

758 2945 904 2984 Omnia
933 2946 1014 2983 sint
1044 2944 1219 2983 humeris
1250 2944 1437 2982 inferiora
1467 2945 1557 2983 tuis.
