<?xml version="1.0" encoding="UTF-8"?>
<!DOCTYPE html PUBLIC "-//W3C//DTD XHTML 1.0 Transitional//EN"
    "http://www.w3.org/TR/xhtml1/DTD/xhtml1-transitional.dtd">
<html xmlns="http://www.w3.org/1999/xhtml" xml:lang="en" lang="en">
 <head>
  <title>
</title>
<meta http-equiv="Content-Type" content="text/html;charset=utf-8" />
  <meta name='ocr-system' content='tesseract 3.04.00' />
  <meta name='ocr-capabilities' content='ocr_page ocr_carea ocr_par ocr_line ocrx_word'/>
</head>
<body>
  <div class='ocr_page' id='page_1' title='image "4769575_0029.png"; bbox 0 0 2466 3370; ppageno 0'>
   <div class='ocr_carea' id='block_1_1' title="bbox 1182 98 1235 138">
    <p class='ocr_par' dir='ltr' id='par_1_1' title="bbox 1182 98 1235 138">
     <span class='ocr_line' id='line_1_1' title="bbox 1182 98 1235 138; baseline 0 0"><span class='ocrx_word' id='word_1_1' title='bbox 1182 98 1235 138; x_wconf 81' lang='lat'>23</span> 
     </span>
    </p>
   </div>
   <div class='ocr_carea' id='block_1_2' title="bbox 214 206 2196 2708">
    <p class='ocr_par' dir='ltr' id='par_1_2' title="bbox 214 206 2196 2708">
     <span class='ocr_line' id='line_1_2' title="bbox 221 206 2191 262; baseline 0.002 -17"><span class='ocrx_word' id='word_1_2' title='bbox 221 207 393 259; x_wconf 82' lang='lat' dir='ltr'>negavit.</span> <span class='ocrx_word' id='word_1_3' title='bbox 429 206 578 246; x_wconf 90' lang='lat' dir='ltr'>Verum</span> <span class='ocrx_word' id='word_1_4' title='bbox 608 214 741 246; x_wconf 87' lang='lat' dir='ltr'>tamen</span> <span class='ocrx_word' id='word_1_5' title='bbox 763 222 883 246; x_wconf 92' lang='lat' dir='ltr'>unum</span> <span class='ocrx_word' id='word_1_6' title='bbox 913 215 975 247; x_wconf 89' lang='lat' dir='ltr'>est</span> <span class='ocrx_word' id='word_1_7' title='bbox 1004 209 1042 247; x_wconf 92' lang='lat' dir='ltr'>in</span> <span class='ocrx_word' id='word_1_8' title='bbox 1074 207 1183 247; x_wconf 90' lang='lat' dir='ltr'>Petri</span> <span class='ocrx_word' id='word_1_9' title='bbox 1213 209 1515 248; x_wconf 79' lang='lat' dir='ltr'>ratiocinatione</span> <span class='ocrx_word' id='word_1_10' title='bbox 1545 208 1649 260; x_wconf 91' lang='lat' dir='ltr'>quod</span> <span class='ocrx_word' id='word_1_11' title='bbox 1680 208 2001 261; x_wconf 82' lang='lat' dir='ltr'>interpolationis</span> <span class='ocrx_word' id='word_1_12' title='bbox 2031 208 2191 262; x_wconf 85' lang='lat' dir='ltr'>quidem</span> 
     </span>
     <span class='ocr_line' id='line_1_3' title="bbox 220 278 2193 332; baseline 0.002 -15"><span class='ocrx_word' id='word_1_13' title='bbox 220 278 446 330; x_wconf 88' lang='lat' dir='ltr'>opinionem</span> <span class='ocrx_word' id='word_1_14' title='bbox 477 280 635 318; x_wconf 86' lang='lat' dir='ltr'>firmare</span> <span class='ocrx_word' id='word_1_15' title='bbox 666 294 743 319; x_wconf 91' lang='lat' dir='ltr'>non</span> <span class='ocrx_word' id='word_1_16' title='bbox 775 285 916 331; x_wconf 86' lang='lat' dir='ltr'>potest,</span> <span class='ocrx_word' id='word_1_17' title='bbox 948 279 1237 320; x_wconf 86' lang='lat' dir='ltr'>dubitationem</span> <span class='ocrx_word' id='word_1_18' title='bbox 1257 286 1388 320; x_wconf 86' lang='lat' dir='ltr'>autem</span> <span class='ocrx_word' id='word_1_19' title='bbox 1415 286 1574 320; x_wconf 68' lang='lat' dir='ltr'>movere</span> <span class='ocrx_word' id='word_1_20' title='bbox 1596 280 1646 320; x_wconf 92' lang='lat' dir='ltr'>de</span> <span class='ocrx_word' id='word_1_21' title='bbox 1664 280 1804 321; x_wconf 90' lang='lat' dir='ltr'>horum</span> <span class='ocrx_word' id='word_1_22' title='bbox 1826 294 2011 321; x_wconf 84' lang='lat' dir='ltr'>versuum</span> <span class='ocrx_word' id='word_1_23' title='bbox 2033 281 2193 332; x_wconf 87' lang='lat' dir='ltr'>integri-</span> 
     </span>
     <span class='ocr_line' id='line_1_4' title="bbox 219 349 1186 403; baseline 0.002 -15"><span class='ocrx_word' id='word_1_24' title='bbox 219 355 311 389; x_wconf 87' lang='lat' dir='ltr'>tate.</span> <span class='ocrx_word' id='word_1_25' title='bbox 356 349 447 389; x_wconf 92' lang='lat' dir='ltr'>Hoc</span> <span class='ocrx_word' id='word_1_26' title='bbox 477 350 657 401; x_wconf 85' lang='lat' dir='ltr'>dicimus,</span> <span class='ocrx_word' id='word_1_27' title='bbox 690 350 795 403; x_wconf 91' lang='lat' dir='ltr'>quod</span> <span class='ocrx_word' id='word_1_28' title='bbox 825 351 896 390; x_wconf 84' lang='lat' dir='ltr'>illa</span> <span class='ocrx_word' id='word_1_29' title='bbox 925 350 973 390; x_wconf 92' lang='lat' dir='ltr'>de</span> <span class='ocrx_word' id='word_1_30' title='bbox 1003 357 1186 391; x_wconf 88' lang='lat' dir='ltr'>senatore</span> 
     </span>
     <span class='ocr_line' id='line_1_5' title="bbox 746 422 1548 476; baseline 0.001 -15"><span class='ocrx_word' id='word_1_31' title='bbox 746 422 1013 475; x_wconf 68' lang='lat' dir='ltr'>Pascebatque</span> <span class='ocrx_word' id='word_1_32' title='bbox 1042 437 1134 461; x_wconf 69' lang='lat' dir='ltr'>cuae</span> <span class='ocrx_word' id='word_1_33' title='bbox 1161 425 1247 476; x_wconf 73' lang='lat' dir='ltr'>ipee</span> <span class='ocrx_word' id='word_1_34' title='bbox 1274 430 1432 462; x_wconf 69' lang='lat' dir='ltr'>senator</span> <span class='ocrx_word' id='word_1_35' title='bbox 1461 437 1548 462; x_wconf 71' lang='lat' dir='ltr'>oves</span> 
     </span>
     <span class='ocr_line' id='line_1_6' title="bbox 219 491 670 545; baseline 0.004 -15"><span class='ocrx_word' id='word_1_36' title='bbox 219 498 258 530; x_wconf 91' lang='lat' dir='ltr'>et</span> <span class='ocrx_word' id='word_1_37' title='bbox 287 491 385 531; x_wconf 90' lang='lat' dir='ltr'>haec</span> <span class='ocrx_word' id='word_1_38' title='bbox 414 492 462 532; x_wconf 92' lang='lat' dir='ltr'>de</span> <span class='ocrx_word' id='word_1_39' title='bbox 491 499 670 545; x_wconf 87' lang='lat' dir='ltr'>praetore</span> 
     </span>
     <span class='ocr_line' id='line_1_7' title="bbox 680 566 1774 619; baseline 0 -14"><span class='ocrx_word' id='word_1_40' title='bbox 680 566 777 605; x_wconf 78' lang='lat' dir='ltr'>Iura</span> <span class='ocrx_word' id='word_1_41' title='bbox 806 566 926 605; x_wconf 74' lang='lat' dir='ltr'>dabat</span> <span class='ocrx_word' id='word_1_42' title='bbox 948 567 1112 619; x_wconf 66' lang='lat' dir='ltr'>populis</span> <span class='ocrx_word' id='word_1_43' title='bbox 1138 569 1267 619; x_wconf 66' lang='lat' dir='ltr'>poeito</span> <span class='ocrx_word' id='word_1_44' title='bbox 1296 568 1411 606; x_wconf 82' lang='lat' dir='ltr'>modo</span> <span class='ocrx_word' id='word_1_45' title='bbox 1439 575 1600 619; x_wconf 79' lang='lat' dir='ltr'>praetor</span> <span class='ocrx_word' id='word_1_46' title='bbox 1628 575 1774 613; x_wconf 78' lang='lat' dir='ltr'>aratro,</span> 
     </span>
     <span class='ocr_line' id='line_1_8' title="bbox 218 637 2193 691; baseline 0.001 -16"><span class='ocrx_word' id='word_1_47' title='bbox 218 650 319 687; x_wconf 87' lang='lat' dir='ltr'>quae</span> <span class='ocrx_word' id='word_1_48' title='bbox 349 645 488 689; x_wconf 88' lang='lat' dir='ltr'>suapte</span> <span class='ocrx_word' id='word_1_49' title='bbox 517 644 659 677; x_wconf 86' lang='lat' dir='ltr'>natura</span> <span class='ocrx_word' id='word_1_50' title='bbox 689 639 864 691; x_wconf 86' lang='lat' dir='ltr'>copulari</span> <span class='ocrx_word' id='word_1_51' title='bbox 894 639 1117 691; x_wconf 86' lang='lat' dir='ltr'>oportebat,</span> <span class='ocrx_word' id='word_1_52' title='bbox 1152 645 1192 678; x_wconf 88' lang='lat' dir='ltr'>ut</span> <span class='ocrx_word' id='word_1_53' title='bbox 1220 648 1281 678; x_wconf 91' lang='lat' dir='ltr'>est</span> <span class='ocrx_word' id='word_1_54' title='bbox 1310 639 1350 678; x_wconf 89' lang='lat' dir='ltr'>in</span> <span class='ocrx_word' id='word_1_55' title='bbox 1381 639 1539 690; x_wconf 86' lang='lat' dir='ltr'>gemino</span> <span class='ocrx_word' id='word_1_56' title='bbox 1570 638 1751 691; x_wconf 83' lang='lat' dir='ltr'>exemplo</span> <span class='ocrx_word' id='word_1_57' title='bbox 1783 639 1818 687; x_wconf 86' lang='lat'>3,</span> <span class='ocrx_word' id='word_1_58' title='bbox 1843 637 2055 678; x_wconf 75' lang='lat'>780—781</span> <span class='ocrx_word' id='word_1_59' title='bbox 2088 637 2193 691; x_wconf 91' lang='lat' dir='ltr'>quod</span> 
     </span>
     <span class='ocr_line' id='line_1_9' title="bbox 218 709 2193 763; baseline 0.001 -16"><span class='ocrx_word' id='word_1_60' title='bbox 218 722 337 761; x_wconf 88' lang='lat' dir='ltr'>supra</span> <span class='ocrx_word' id='word_1_61' title='bbox 366 709 587 761; x_wconf 85' lang='lat' dir='ltr'>attulimus,</span> <span class='ocrx_word' id='word_1_62' title='bbox 623 710 692 749; x_wconf 88' lang='lat' dir='ltr'>illo</span> <span class='ocrx_word' id='word_1_63' title='bbox 722 710 957 763; x_wconf 88' lang='lat' dir='ltr'>interposito</span> <span class='ocrx_word' id='word_1_64' title='bbox 988 709 1158 750; x_wconf 90' lang='lat' dir='ltr'>disticho</span> <span class='ocrx_word' id='word_1_65' title='bbox 1190 716 1440 763; x_wconf 82' lang='lat' dir='ltr'>separantur:</span> <span class='ocrx_word' id='word_1_66' title='bbox 1472 710 1578 762; x_wconf 89' lang='lat' dir='ltr'>quod</span> <span class='ocrx_word' id='word_1_67' title='bbox 1608 709 1920 760; x_wconf 89' lang='lat' dir='ltr'>incommodum,</span> <span class='ocrx_word' id='word_1_68' title='bbox 1953 724 2193 762; x_wconf 84' lang='lat' dir='ltr'>quamquam</span> 
     </span>
     <span class='ocr_line' id='line_1_10' title="bbox 217 780 2193 835; baseline 0.001 -16"><span class='ocrx_word' id='word_1_69' title='bbox 217 780 287 819; x_wconf 88' lang='lat' dir='ltr'>illa</span> <span class='ocrx_word' id='word_1_70' title='bbox 316 794 434 832; x_wconf 90' lang='lat' dir='ltr'>quam</span> <span class='ocrx_word' id='word_1_71' title='bbox 461 782 716 833; x_wconf 91' lang='lat' dir='ltr'>probavimus</span> <span class='ocrx_word' id='word_1_72' title='bbox 747 782 1011 835; x_wconf 84' lang='lat' dir='ltr'>explicatione</span> <span class='ocrx_word' id='word_1_73' title='bbox 1042 782 1201 822; x_wconf 89' lang='lat' dir='ltr'>distichi</span> <span class='ocrx_word' id='word_1_74' title='bbox 1232 782 1434 833; x_wconf 89' lang='lat' dir='ltr'>minuitur,</span> <span class='ocrx_word' id='word_1_75' title='bbox 1466 789 1599 821; x_wconf 90' lang='lat' dir='ltr'>tamen</span> <span class='ocrx_word' id='word_1_76' title='bbox 1630 796 1675 821; x_wconf 92' lang='lat' dir='ltr'>eo</span> <span class='ocrx_word' id='word_1_77' title='bbox 1702 782 1862 833; x_wconf 86' lang='lat' dir='ltr'>gravius</span> <span class='ocrx_word' id='word_1_78' title='bbox 1890 782 2059 821; x_wconf 87' lang='lat' dir='ltr'>sentitur</span> <span class='ocrx_word' id='word_1_79' title='bbox 2088 781 2193 834; x_wconf 90' lang='lat' dir='ltr'>quod</span> 
     </span>
     <span class='ocr_line' id='line_1_11' title="bbox 217 852 2193 906; baseline 0.001 -15"><span class='ocrx_word' id='word_1_80' title='bbox 217 865 317 903; x_wconf 86' lang='lat' dir='ltr'>quae</span> <span class='ocrx_word' id='word_1_81' title='bbox 348 852 395 891; x_wconf 92' lang='lat' dir='ltr'>de</span> <span class='ocrx_word' id='word_1_82' title='bbox 425 853 556 905; x_wconf 88' lang='lat' dir='ltr'>quiete</span> <span class='ocrx_word' id='word_1_83' title='bbox 591 854 632 892; x_wconf 90' lang='lat' dir='ltr'>in</span> <span class='ocrx_word' id='word_1_84' title='bbox 668 854 815 906; x_wconf 90' lang='lat' dir='ltr'>stipula</span> <span class='ocrx_word' id='word_1_85' title='bbox 849 860 916 893; x_wconf 91' lang='lat' dir='ltr'>aut</span> <span class='ocrx_word' id='word_1_86' title='bbox 949 854 1065 893; x_wconf 83' lang='lat' dir='ltr'>faeno</span> <span class='ocrx_word' id='word_1_87' title='bbox 1096 853 1280 893; x_wconf 91' lang='lat' dir='ltr'>dicuntur</span> <span class='ocrx_word' id='word_1_88' title='bbox 1314 853 1364 893; x_wconf 89' lang='lat' dir='ltr'>ad</span> <span class='ocrx_word' id='word_1_89' title='bbox 1399 860 1622 906; x_wconf 84' lang='lat' dir='ltr'>praetorem</span> <span class='ocrx_word' id='word_1_90' title='bbox 1658 860 1831 893; x_wconf 82' lang='lat' dir='ltr'>aratrum</span> <span class='ocrx_word' id='word_1_91' title='bbox 1868 854 2078 893; x_wconf 89' lang='lat' dir='ltr'>ducentem</span> <span class='ocrx_word' id='word_1_92' title='bbox 2114 852 2193 894; x_wconf 89' lang='lat' dir='ltr'>non</span> 
     </span>
     <span class='ocr_line' id='line_1_12' title="bbox 217 924 2193 978; baseline 0.001 -15"><span class='ocrx_word' id='word_1_93' title='bbox 217 924 348 965; x_wconf 89' lang='lat' dir='ltr'>minus</span> <span class='ocrx_word' id='word_1_94' title='bbox 378 931 469 978; x_wconf 82' lang='lat' dir='ltr'>apte</span> <span class='ocrx_word' id='word_1_95' title='bbox 498 924 634 965; x_wconf 84' lang='lat' dir='ltr'>referri</span> <span class='ocrx_word' id='word_1_96' title='bbox 667 931 850 978; x_wconf 88' lang='lat' dir='ltr'>poterant</span> <span class='ocrx_word' id='word_1_97' title='bbox 885 939 1003 978; x_wconf 88' lang='lat' dir='ltr'>quam</span> <span class='ocrx_word' id='word_1_98' title='bbox 1040 924 1090 964; x_wconf 87' lang='lat' dir='ltr'>ad</span> <span class='ocrx_word' id='word_1_99' title='bbox 1120 931 1348 978; x_wconf 90' lang='lat' dir='ltr'>pascentem</span> <span class='ocrx_word' id='word_1_100' title='bbox 1385 931 1745 964; x_wconf 8' lang='lat' dir='ltr'>ovesesenatorem.</span> <span class='ocrx_word' id='word_1_101' title='bbox 1790 926 1858 964; x_wconf 93' lang='lat' dir='ltr'>Ab</span> <span class='ocrx_word' id='word_1_102' title='bbox 1894 925 1969 964; x_wconf 92' lang='lat' dir='ltr'>hoc</span> <span class='ocrx_word' id='word_1_103' title='bbox 1998 927 2193 978; x_wconf 90' lang='lat' dir='ltr'>principio</span> 
     </span>
     <span class='ocr_line' id='line_1_13' title="bbox 217 996 2196 1049; baseline 0.002 -15"><span class='ocrx_word' id='word_1_104' title='bbox 217 996 383 1048; x_wconf 87' lang='lat' dir='ltr'>profecti</span> <span class='ocrx_word' id='word_1_105' title='bbox 405 997 498 1035; x_wconf 91' lang='lat' dir='ltr'>dum</span> <span class='ocrx_word' id='word_1_106' title='bbox 519 997 779 1036; x_wconf 89' lang='lat' dir='ltr'>distichorum</span> <span class='ocrx_word' id='word_1_107' title='bbox 801 998 1130 1049; x_wconf 86' lang='lat' dir='ltr'>compositionem</span> <span class='ocrx_word' id='word_1_108' title='bbox 1153 997 1348 1037; x_wconf 89' lang='lat' dir='ltr'>curiosius</span> <span class='ocrx_word' id='word_1_109' title='bbox 1378 998 1654 1049; x_wconf 86' lang='lat' dir='ltr'>perquirimus,</span> <span class='ocrx_word' id='word_1_110' title='bbox 1687 1012 1733 1037; x_wconf 91' lang='lat' dir='ltr'>eo</span> <span class='ocrx_word' id='word_1_111' title='bbox 1764 997 2010 1048; x_wconf 87' lang='lat' dir='ltr'>devenimus,</span> <span class='ocrx_word' id='word_1_112' title='bbox 2042 1013 2120 1037; x_wconf 90' lang='lat' dir='ltr'>non</span> <span class='ocrx_word' id='word_1_113' title='bbox 2153 1006 2196 1037; x_wconf 87' lang='lat' dir='ltr'>ut</span> 
     </span>
     <span class='ocr_line' id='line_1_14' title="bbox 218 1068 2193 1122; baseline 0.001 -15"><span class='ocrx_word' id='word_1_114' title='bbox 218 1070 342 1121; x_wconf 87' lang='lat' dir='ltr'>spurii</span> <span class='ocrx_word' id='word_1_115' title='bbox 372 1069 585 1122; x_wconf 92' lang='lat' dir='ltr'>quicquam</span> <span class='ocrx_word' id='word_1_116' title='bbox 605 1069 814 1122; x_wconf 89' lang='lat' dir='ltr'>irrepsisse</span> <span class='ocrx_word' id='word_1_117' title='bbox 841 1069 912 1109; x_wconf 92' lang='lat' dir='ltr'>sed</span> <span class='ocrx_word' id='word_1_118' title='bbox 933 1075 975 1108; x_wconf 90' lang='lat' dir='ltr'>ut</span> <span class='ocrx_word' id='word_1_119' title='bbox 995 1083 1179 1108; x_wconf 89' lang='lat' dir='ltr'>versuum</span> <span class='ocrx_word' id='word_1_120' title='bbox 1209 1068 1390 1108; x_wconf 88' lang='lat' dir='ltr'>ordinem</span> <span class='ocrx_word' id='word_1_121' title='bbox 1421 1068 1555 1121; x_wconf 88' lang='lat' dir='ltr'>aliqua</span> <span class='ocrx_word' id='word_1_122' title='bbox 1575 1075 1685 1120; x_wconf 90' lang='lat' dir='ltr'>parte</span> <span class='ocrx_word' id='word_1_123' title='bbox 1715 1068 1896 1109; x_wconf 87' lang='lat' dir='ltr'>laborare</span> <span class='ocrx_word' id='word_1_124' title='bbox 1927 1069 2193 1122; x_wconf 86' lang='lat' dir='ltr'>opinaremur.</span> 
     </span>
     <span class='ocr_line' id='line_1_15' title="bbox 218 1140 2195 1194; baseline 0.001 -14"><span class='ocrx_word' id='word_1_125' title='bbox 218 1140 320 1180; x_wconf 88' lang='lat' dir='ltr'>Nam</span> <span class='ocrx_word' id='word_1_126' title='bbox 351 1141 417 1194; x_wconf 92' lang='lat' dir='ltr'>qui</span> <span class='ocrx_word' id='word_1_127' title='bbox 449 1140 709 1181; x_wconf 86' lang='lat' dir='ltr'>distichorum</span> <span class='ocrx_word' id='word_1_128' title='bbox 738 1147 864 1181; x_wconf 89' lang='lat' dir='ltr'>artem</span> <span class='ocrx_word' id='word_1_129' title='bbox 893 1140 1134 1181; x_wconf 85' lang='lat' dir='ltr'>Ovidianam</span> <span class='ocrx_word' id='word_1_130' title='bbox 1164 1141 1352 1193; x_wconf 85' lang='lat' dir='ltr'>exegerit,</span> <span class='ocrx_word' id='word_1_131' title='bbox 1393 1141 1460 1194; x_wconf 92' lang='lat' dir='ltr'>qui</span> <span class='ocrx_word' id='word_1_132' title='bbox 1492 1154 1608 1194; x_wconf 85' lang='lat' dir='ltr'>saepe</span> <span class='ocrx_word' id='word_1_133' title='bbox 1639 1140 1806 1180; x_wconf 87' lang='lat' dir='ltr'>eandem</span> <span class='ocrx_word' id='word_1_134' title='bbox 1836 1148 1987 1181; x_wconf 91' lang='lat' dir='ltr'>mutata</span> <span class='ocrx_word' id='word_1_135' title='bbox 2017 1143 2195 1181; x_wconf 87' lang='lat' dir='ltr'>oratione</span> 
     </span>
     <span class='ocr_line' id='line_1_16' title="bbox 218 1213 2194 1266; baseline 0.001 -14"><span class='ocrx_word' id='word_1_136' title='bbox 218 1213 282 1252; x_wconf 91' lang='lat' dir='ltr'>vel</span> <span class='ocrx_word' id='word_1_137' title='bbox 312 1214 479 1253; x_wconf 90' lang='lat' dir='ltr'>similem</span> <span class='ocrx_word' id='word_1_138' title='bbox 511 1221 644 1254; x_wconf 90' lang='lat' dir='ltr'>tamen</span> <span class='ocrx_word' id='word_1_139' title='bbox 674 1221 839 1266; x_wconf 91' lang='lat' dir='ltr'>utroque</span> <span class='ocrx_word' id='word_1_140' title='bbox 869 1228 987 1253; x_wconf 89' lang='lat' dir='ltr'>versu</span> <span class='ocrx_word' id='word_1_141' title='bbox 1017 1215 1255 1254; x_wconf 82' lang='lat' dir='ltr'>sententium</span> <span class='ocrx_word' id='word_1_142' title='bbox 1286 1214 1424 1253; x_wconf 85' lang='lat' dir='ltr'>efferre</span> <span class='ocrx_word' id='word_1_143' title='bbox 1455 1213 1581 1253; x_wconf 89' lang='lat' dir='ltr'>soleat</span> <span class='ocrx_word' id='word_1_144' title='bbox 1610 1228 1738 1266; x_wconf 88' lang='lat' dir='ltr'>neque</span> <span class='ocrx_word' id='word_1_145' title='bbox 1769 1213 1886 1254; x_wconf 87' lang='lat' dir='ltr'>facile</span> <span class='ocrx_word' id='word_1_146' title='bbox 1915 1214 2102 1266; x_wconf 86' lang='lat' dir='ltr'>coniungi</span> <span class='ocrx_word' id='word_1_147' title='bbox 2133 1215 2194 1254; x_wconf 84' lang='lat' dir='ltr'>his</span> 
     </span>
     <span class='ocr_line' id='line_1_17' title="bbox 218 1285 2194 1339; baseline 0.001 -15"><span class='ocrx_word' id='word_1_148' title='bbox 218 1285 371 1325; x_wconf 90' lang='lat' dir='ltr'>duobus</span> <span class='ocrx_word' id='word_1_149' title='bbox 400 1287 578 1326; x_wconf 90' lang='lat' dir='ltr'>versibus</span> <span class='ocrx_word' id='word_1_150' title='bbox 605 1287 779 1339; x_wconf 87' lang='lat' dir='ltr'>patiatur</span> <span class='ocrx_word' id='word_1_151' title='bbox 808 1301 909 1338; x_wconf 91' lang='lat' dir='ltr'>quae</span> <span class='ocrx_word' id='word_1_152' title='bbox 930 1301 1008 1325; x_wconf 91' lang='lat' dir='ltr'>non</span> <span class='ocrx_word' id='word_1_153' title='bbox 1030 1286 1163 1338; x_wconf 88' lang='lat' dir='ltr'>aliquo</span> <span class='ocrx_word' id='word_1_154' title='bbox 1189 1285 1307 1325; x_wconf 91' lang='lat' dir='ltr'>modo</span> <span class='ocrx_word' id='word_1_155' title='bbox 1328 1292 1540 1325; x_wconf 87' lang='lat' dir='ltr'>metrorum</span> <span class='ocrx_word' id='word_1_156' title='bbox 1563 1286 1649 1338; x_wconf 89' lang='lat' dir='ltr'>pari</span> <span class='ocrx_word' id='word_1_157' title='bbox 1671 1285 1994 1338; x_wconf 84' lang='lat' dir='ltr'>respondeant*),</span> <span class='ocrx_word' id='word_1_158' title='bbox 2026 1287 2194 1326; x_wconf 86' lang='lat' dir='ltr'>fortasse</span> 
     </span>
     <span class='ocr_line' id='line_1_18' title="bbox 218 1357 1431 1410; baseline 0 -15"><span class='ocrx_word' id='word_1_159' title='bbox 218 1357 352 1396; x_wconf 84' lang='lat' dir='ltr'>sensui</span> <span class='ocrx_word' id='word_1_160' title='bbox 383 1363 518 1397; x_wconf 91' lang='lat' dir='ltr'>nostro</span> <span class='ocrx_word' id='word_1_161' title='bbox 549 1358 722 1407; x_wconf 85' lang='lat' dir='ltr'>accedet,</span> <span class='ocrx_word' id='word_1_162' title='bbox 754 1371 831 1410; x_wconf 92' lang='lat' dir='ltr'>quo</span> <span class='ocrx_word' id='word_1_163' title='bbox 861 1357 960 1396; x_wconf 89' lang='lat' dir='ltr'>haec</span> <span class='ocrx_word' id='word_1_164' title='bbox 992 1371 1068 1396; x_wconf 90' lang='lat' dir='ltr'>uno</span> <span class='ocrx_word' id='word_1_165' title='bbox 1094 1357 1266 1396; x_wconf 90' lang='lat' dir='ltr'>disticho</span> <span class='ocrx_word' id='word_1_166' title='bbox 1295 1358 1431 1408; x_wconf 87' lang='lat' dir='ltr'>iugata</span> 
     </span>
     <span class='ocr_line' id='line_1_19' title="bbox 677 1428 1798 1482; baseline -0.001 -13"><span class='ocrx_word' id='word_1_167' title='bbox 677 1430 900 1469; x_wconf 72' lang='lat' dir='ltr'>Frondibus</span> <span class='ocrx_word' id='word_1_168' title='bbox 930 1430 1124 1469; x_wconf 78' lang='lat' dir='ltr'>ornabant</span> <span class='ocrx_word' id='word_1_169' title='bbox 1152 1443 1252 1482; x_wconf 83' lang='lat' dir='ltr'>quae</span> <span class='ocrx_word' id='word_1_170' title='bbox 1279 1444 1384 1468; x_wconf 85' lang='lat' dir='ltr'>nunc</span> <span class='ocrx_word' id='word_1_171' title='bbox 1412 1428 1610 1482; x_wconf 77' lang='lat' dir='ltr'>Capitolia</span> <span class='ocrx_word' id='word_1_172' title='bbox 1637 1431 1798 1481; x_wconf 71' lang='lat' dir='ltr'>9emmis</span> 
     </span>
     <span class='ocr_line' id='line_1_20' title="bbox 744 1501 1540 1553; baseline 0 -13"><span class='ocrx_word' id='word_1_173' title='bbox 744 1501 1010 1553; x_wconf 73' lang='lat' dir='ltr'>Pascebatque</span> <span class='ocrx_word' id='word_1_174' title='bbox 1039 1516 1130 1541; x_wconf 68' lang='lat' dir='ltr'>suae</span> <span class='ocrx_word' id='word_1_175' title='bbox 1158 1503 1242 1552; x_wconf 74' lang='lat' dir='ltr'>ipse</span> <span class='ocrx_word' id='word_1_176' title='bbox 1270 1508 1425 1540; x_wconf 71' lang='lat' dir='ltr'>senator</span> <span class='ocrx_word' id='word_1_177' title='bbox 1454 1515 1540 1541; x_wconf 73' lang='lat' dir='ltr'>oves</span> 
     </span>
     <span class='ocr_line' id='line_1_21' title="bbox 216 1573 2189 1627; baseline 0.001 -15"><span class='ocrx_word' id='word_1_178' title='bbox 216 1574 274 1612; x_wconf 87' lang='lat' dir='ltr'>illi</span> <span class='ocrx_word' id='word_1_179' title='bbox 305 1575 379 1613; x_wconf 88' lang='lat' dir='ltr'>arti</span> <span class='ocrx_word' id='word_1_180' title='bbox 411 1587 550 1625; x_wconf 86' lang='lat' dir='ltr'>parum</span> <span class='ocrx_word' id='word_1_181' title='bbox 571 1580 839 1613; x_wconf 85' lang='lat' dir='ltr'>consentanea</span> <span class='ocrx_word' id='word_1_182' title='bbox 859 1589 947 1614; x_wconf 89' lang='lat' dir='ltr'>esse</span> <span class='ocrx_word' id='word_1_183' title='bbox 977 1589 1105 1627; x_wconf 92' lang='lat' dir='ltr'>neque</span> <span class='ocrx_word' id='word_1_184' title='bbox 1135 1574 1227 1613; x_wconf 90' lang='lat' dir='ltr'>huic</span> <span class='ocrx_word' id='word_1_185' title='bbox 1248 1573 1479 1613; x_wconf 83' lang='lat' dir='ltr'>hexametro</span> <span class='ocrx_word' id='word_1_186' title='bbox 1500 1573 1595 1613; x_wconf 89' lang='lat' dir='ltr'>satis</span> <span class='ocrx_word' id='word_1_187' title='bbox 1619 1579 1880 1625; x_wconf 85' lang='lat' dir='ltr'>congruenter</span> <span class='ocrx_word' id='word_1_188' title='bbox 1900 1579 2189 1626; x_wconf 83' lang='lat' dir='ltr'>pentametrum</span> 
     </span>
     <span class='ocr_line' id='line_1_22' title="bbox 217 1644 2190 1698; baseline -0.001 -14"><span class='ocrx_word' id='word_1_189' title='bbox 217 1645 447 1685; x_wconf 88' lang='lat' dir='ltr'>adiunctum</span> <span class='ocrx_word' id='word_1_190' title='bbox 476 1646 762 1685; x_wconf 86' lang='lat' dir='ltr'>existimamus.</span> <span class='ocrx_word' id='word_1_191' title='bbox 808 1644 924 1695; x_wconf 83' lang='lat' dir='ltr'>Quod</span> <span class='ocrx_word' id='word_1_192' title='bbox 956 1646 989 1686; x_wconf 91' lang='lat' dir='ltr'>si</span> <span class='ocrx_word' id='word_1_193' title='bbox 1018 1646 1360 1698; x_wconf 86' lang='lat' dir='ltr'>circumspicimus</span> <span class='ocrx_word' id='word_1_194' title='bbox 1390 1646 1431 1685; x_wconf 91' lang='lat' dir='ltr'>in</span> <span class='ocrx_word' id='word_1_195' title='bbox 1457 1645 1532 1685; x_wconf 89' lang='lat' dir='ltr'>hac</span> <span class='ocrx_word' id='word_1_196' title='bbox 1553 1646 1777 1686; x_wconf 86' lang='lat' dir='ltr'>narratione</span> <span class='ocrx_word' id='word_1_197' title='bbox 1797 1652 2087 1698; x_wconf 88' lang='lat' dir='ltr'>pentametrum</span> <span class='ocrx_word' id='word_1_198' title='bbox 2109 1645 2190 1684; x_wconf 89' lang='lat' dir='ltr'>ido-</span> 
     </span>
     <span class='ocr_line' id='line_1_23' title="bbox 216 1717 1941 1771; baseline -0.001 -13"><span class='ocrx_word' id='word_1_199' title='bbox 216 1733 333 1758; x_wconf 89' lang='lat' dir='ltr'>neum</span> <span class='ocrx_word' id='word_1_200' title='bbox 364 1718 428 1771; x_wconf 92' lang='lat' dir='ltr'>qui</span> <span class='ocrx_word' id='word_1_201' title='bbox 460 1719 499 1758; x_wconf 93' lang='lat' dir='ltr'>in</span> <span class='ocrx_word' id='word_1_202' title='bbox 531 1718 637 1758; x_wconf 88' lang='lat' dir='ltr'>illius</span> <span class='ocrx_word' id='word_1_203' title='bbox 668 1718 798 1758; x_wconf 90' lang='lat' dir='ltr'>locum</span> <span class='ocrx_word' id='word_1_204' title='bbox 829 1718 1027 1770; x_wconf 88' lang='lat' dir='ltr'>succedat,</span> <span class='ocrx_word' id='word_1_205' title='bbox 1058 1718 1164 1758; x_wconf 88' lang='lat' dir='ltr'>haud</span> <span class='ocrx_word' id='word_1_206' title='bbox 1195 1718 1469 1758; x_wconf 88' lang='lat' dir='ltr'>cunctabimur</span> <span class='ocrx_word' id='word_1_207' title='bbox 1498 1717 1642 1769; x_wconf 85' lang='lat' dir='ltr'>eligere</span> <span class='ocrx_word' id='word_1_208' title='bbox 1673 1732 1831 1758; x_wconf 86' lang='lat' dir='ltr'>versum</span> <span class='ocrx_word' id='word_1_209' title='bbox 1861 1718 1941 1758; x_wconf 82' lang='lat'>208</span> 
     </span>
     <span class='ocr_line' id='line_1_24' title="bbox 740 1791 1611 1843; baseline 0 -14"><span class='ocrx_word' id='word_1_210' title='bbox 740 1791 794 1829; x_wconf 75' lang='lat' dir='ltr'>Et</span> <span class='ocrx_word' id='word_1_211' title='bbox 822 1791 915 1829; x_wconf 68' lang='lat' dir='ltr'>levis</span> <span class='ocrx_word' id='word_1_212' title='bbox 943 1793 1097 1843; x_wconf 74' lang='lat' dir='ltr'>arqenti</span> <span class='ocrx_word' id='word_1_213' title='bbox 1125 1791 1312 1829; x_wconf 78' lang='lat' dir='ltr'>lammina</span> <span class='ocrx_word' id='word_1_214' title='bbox 1341 1792 1487 1829; x_wconf 79' lang='lat' dir='ltr'>crimen</span> <span class='ocrx_word' id='word_1_215' title='bbox 1515 1799 1611 1840; x_wconf 78' lang='lat' dir='ltr'>erat,</span> 
     </span>
     <span class='ocr_line' id='line_1_25' title="bbox 215 1860 2189 1914; baseline -0.001 -12"><span class='ocrx_word' id='word_1_216' title='bbox 215 1862 280 1914; x_wconf 91' lang='lat' dir='ltr'>qui</span> <span class='ocrx_word' id='word_1_217' title='bbox 305 1868 344 1902; x_wconf 89' lang='lat' dir='ltr'>et</span> <span class='ocrx_word' id='word_1_218' title='bbox 364 1862 448 1914; x_wconf 91' lang='lat' dir='ltr'>ipse</span> <span class='ocrx_word' id='word_1_219' title='bbox 471 1875 559 1902; x_wconf 86' lang='lat' dir='ltr'>cum</span> <span class='ocrx_word' id='word_1_220' title='bbox 581 1876 651 1902; x_wconf 88' lang='lat' dir='ltr'>suo</span> <span class='ocrx_word' id='word_1_221' title='bbox 681 1861 911 1902; x_wconf 80' lang='lat' dir='ltr'>hexametro</span> <span class='ocrx_word' id='word_1_222' title='bbox 940 1876 1019 1902; x_wconf 94' lang='lat' dir='ltr'>non</span> <span class='ocrx_word' id='word_1_223' title='bbox 1049 1862 1165 1902; x_wconf 84' lang='lat' dir='ltr'>valde</span> <span class='ocrx_word' id='word_1_224' title='bbox 1195 1862 1478 1902; x_wconf 89' lang='lat' dir='ltr'>convenienter</span> <span class='ocrx_word' id='word_1_225' title='bbox 1507 1862 1740 1901; x_wconf 87' lang='lat' dir='ltr'>coniunctus</span> <span class='ocrx_word' id='word_1_226' title='bbox 1762 1868 1822 1901; x_wconf 89' lang='lat' dir='ltr'>est</span> <span class='ocrx_word' id='word_1_227' title='bbox 1842 1861 1950 1909; x_wconf 89' lang='lat' dir='ltr'>(nam</span> <span class='ocrx_word' id='word_1_228' title='bbox 1973 1860 2077 1913; x_wconf 93' lang='lat' dir='ltr'>quod</span> <span class='ocrx_word' id='word_1_229' title='bbox 2099 1863 2189 1900; x_wconf 83' lang='lat' dir='ltr'>iura</span> 
     </span>
     <span class='ocr_line' id='line_1_26' title="bbox 216 1931 2189 1985; baseline 0 -13"><span class='ocrx_word' id='word_1_230' title='bbox 216 1934 401 1972; x_wconf 84' lang='lat' dir='ltr'>dicuntur</span> <span class='ocrx_word' id='word_1_231' title='bbox 430 1940 469 1972; x_wconf 92' lang='lat' dir='ltr'>et</span> <span class='ocrx_word' id='word_1_232' title='bbox 497 1936 659 1984; x_wconf 80' lang='lat' dir='ltr'>crimen,</span> <span class='ocrx_word' id='word_1_233' title='bbox 695 1934 735 1971; x_wconf 90' lang='lat' dir='ltr'>in</span> <span class='ocrx_word' id='word_1_234' title='bbox 772 1948 818 1972; x_wconf 89' lang='lat' dir='ltr'>ea</span> <span class='ocrx_word' id='word_1_235' title='bbox 847 1941 957 1985; x_wconf 86' lang='lat' dir='ltr'>parte</span> <span class='ocrx_word' id='word_1_236' title='bbox 991 1934 1102 1972; x_wconf 88' lang='lat' dir='ltr'>nulla</span> <span class='ocrx_word' id='word_1_237' title='bbox 1131 1934 1192 1972; x_wconf 85' lang='lat' dir='ltr'>vis</span> <span class='ocrx_word' id='word_1_238' title='bbox 1222 1934 1442 1972; x_wconf 88' lang='lat' dir='ltr'>sententiae</span> <span class='ocrx_word' id='word_1_239' title='bbox 1473 1931 1550 1983; x_wconf 88' lang='lat' dir='ltr'>est)</span> <span class='ocrx_word' id='word_1_240' title='bbox 1581 1934 1650 1972; x_wconf 90' lang='lat' dir='ltr'>sed</span> <span class='ocrx_word' id='word_1_241' title='bbox 1688 1935 1728 1972; x_wconf 91' lang='lat' dir='ltr'>in</span> <span class='ocrx_word' id='word_1_242' title='bbox 1759 1935 1871 1972; x_wconf 89' lang='lat' dir='ltr'>illum</span> <span class='ocrx_word' id='word_1_243' title='bbox 1901 1934 2031 1972; x_wconf 90' lang='lat' dir='ltr'>locum</span> <span class='ocrx_word' id='word_1_244' title='bbox 2062 1941 2189 1972; x_wconf 89' lang='lat' dir='ltr'>trans-</span> 
     </span>
     <span class='ocr_line' id='line_1_27' title="bbox 214 2004 2188 2057; baseline 0 -13"><span class='ocrx_word' id='word_1_245' title='bbox 214 2007 317 2045; x_wconf 87' lang='lat' dir='ltr'>latus</span> <span class='ocrx_word' id='word_1_246' title='bbox 350 2020 521 2057; x_wconf 73' lang='lat' dir='ltr'>qemmas</span> <span class='ocrx_word' id='word_1_247' title='bbox 551 2019 641 2044; x_wconf 92' lang='lat' dir='ltr'>cum</span> <span class='ocrx_word' id='word_1_248' title='bbox 674 2008 828 2057; x_wconf 73' lang='lat' dir='ltr'>arqenti</span> <span class='ocrx_word' id='word_1_249' title='bbox 856 2006 1043 2044; x_wconf 83' lang='lat' dir='ltr'>lammina</span> <span class='ocrx_word' id='word_1_250' title='bbox 1079 2006 1176 2044; x_wconf 89' lang='lat' dir='ltr'>scite</span> <span class='ocrx_word' id='word_1_251' title='bbox 1212 2012 1460 2056; x_wconf 87' lang='lat' dir='ltr'>comparatas</span> <span class='ocrx_word' id='word_1_252' title='bbox 1496 2004 1622 2044; x_wconf 86' lang='lat' dir='ltr'>offert.</span> <span class='ocrx_word' id='word_1_253' title='bbox 1666 2004 1753 2044; x_wconf 91' lang='lat' dir='ltr'>Hos</span> <span class='ocrx_word' id='word_1_254' title='bbox 1790 2004 1888 2045; x_wconf 88' lang='lat' dir='ltr'>duos</span> <span class='ocrx_word' id='word_1_255' title='bbox 1918 2010 2188 2057; x_wconf 86' lang='lat' dir='ltr'>pentametros</span> 
     </span>
     <span class='ocr_line' id='line_1_28' title="bbox 216 2074 2188 2131; baseline -0.002 -13"><span class='ocrx_word' id='word_1_256' title='bbox 216 2078 283 2117; x_wconf 90' lang='lat' dir='ltr'>ubi</span> <span class='ocrx_word' id='word_1_257' title='bbox 312 2078 401 2118; x_wconf 87' lang='lat' dir='ltr'>loca</span> <span class='ocrx_word' id='word_1_258' title='bbox 430 2085 652 2131; x_wconf 90' lang='lat' dir='ltr'>permutare</span> <span class='ocrx_word' id='word_1_259' title='bbox 681 2077 913 2118; x_wconf 90' lang='lat' dir='ltr'>iusserimus</span> <span class='ocrx_word' id='word_1_260' title='bbox 944 2076 1014 2118; x_wconf 90' lang='lat' dir='ltr'>sed</span> <span class='ocrx_word' id='word_1_261' title='bbox 1043 2076 1100 2116; x_wconf 88' lang='lat' dir='ltr'>ita</span> <span class='ocrx_word' id='word_1_262' title='bbox 1129 2082 1171 2116; x_wconf 85' lang='lat' dir='ltr'>ut</span> <span class='ocrx_word' id='word_1_263' title='bbox 1200 2076 1321 2129; x_wconf 90' lang='lat' dir='ltr'>priori</span> <span class='ocrx_word' id='word_1_264' title='bbox 1351 2074 1467 2128; x_wconf 84' lang='lat'>(204)</span> <span class='ocrx_word' id='word_1_265' title='bbox 1497 2076 1784 2116; x_wconf 86' lang='lat' dir='ltr'>adhaerescant</span> <span class='ocrx_word' id='word_1_266' title='bbox 1814 2090 1860 2115; x_wconf 89' lang='lat' dir='ltr'>ea</span> <span class='ocrx_word' id='word_1_267' title='bbox 1890 2090 1991 2129; x_wconf 88' lang='lat' dir='ltr'>quae</span> <span class='ocrx_word' id='word_1_268' title='bbox 2022 2090 2111 2115; x_wconf 92' lang='lat' dir='ltr'>cum</span> <span class='ocrx_word' id='word_1_269' title='bbox 2142 2091 2188 2115; x_wconf 93' lang='lat' dir='ltr'>eo</span> 
     </span>
     <span class='ocr_line' id='line_1_29' title="bbox 214 2147 2188 2200; baseline -0.001 -11"><span class='ocrx_word' id='word_1_270' title='bbox 214 2150 428 2189; x_wconf 81' lang='lat' dir='ltr'>coniuncta</span> <span class='ocrx_word' id='word_1_271' title='bbox 457 2164 545 2189; x_wconf 89' lang='lat' dir='ltr'>esse</span> <span class='ocrx_word' id='word_1_272' title='bbox 576 2150 749 2189; x_wconf 86' lang='lat' dir='ltr'>diximus</span> <span class='ocrx_word' id='word_1_273' title='bbox 779 2148 888 2200; x_wconf 80' lang='lat'>(205.</span> <span class='ocrx_word' id='word_1_274' title='bbox 913 2147 1026 2199; x_wconf 82' lang='lat'>206),</span> <span class='ocrx_word' id='word_1_275' title='bbox 1064 2150 1098 2188; x_wconf 90' lang='lat' dir='ltr'>is</span> <span class='ocrx_word' id='word_1_276' title='bbox 1128 2149 1224 2187; x_wconf 91' lang='lat' dir='ltr'>ordo</span> <span class='ocrx_word' id='word_1_277' title='bbox 1254 2148 1387 2200; x_wconf 86' lang='lat' dir='ltr'>prodit</span> <span class='ocrx_word' id='word_1_278' title='bbox 1418 2149 1486 2200; x_wconf 88' lang='lat' dir='ltr'>qui</span> <span class='ocrx_word' id='word_1_279' title='bbox 1516 2156 1674 2200; x_wconf 90' lang='lat' dir='ltr'>poetam</span> <span class='ocrx_word' id='word_1_280' title='bbox 1711 2164 1787 2187; x_wconf 89' lang='lat' dir='ltr'>non</span> <span class='ocrx_word' id='word_1_281' title='bbox 1821 2149 2011 2188; x_wconf 87' lang='lat' dir='ltr'>dedeceat</span> <span class='ocrx_word' id='word_1_282' title='bbox 2041 2157 2081 2188; x_wconf 89' lang='lat' dir='ltr'>et</span> <span class='ocrx_word' id='word_1_283' title='bbox 2110 2163 2188 2200; x_wconf 91' lang='lat' dir='ltr'>quo</span> 
     </span>
     <span class='ocr_line' id='line_1_30' title="bbox 214 2220 1518 2274; baseline -0.003 -12"><span class='ocrx_word' id='word_1_284' title='bbox 214 2222 408 2274; x_wconf 91' lang='lat' dir='ltr'>quidquid</span> <span class='ocrx_word' id='word_1_285' title='bbox 437 2222 678 2262; x_wconf 90' lang='lat' dir='ltr'>incommodi</span> <span class='ocrx_word' id='word_1_286' title='bbox 708 2228 792 2261; x_wconf 88' lang='lat' dir='ltr'>erat</span> <span class='ocrx_word' id='word_1_287' title='bbox 821 2222 861 2261; x_wconf 89' lang='lat' dir='ltr'>in</span> <span class='ocrx_word' id='word_1_288' title='bbox 893 2222 1053 2273; x_wconf 87' lang='lat' dir='ltr'>vulgata</span> <span class='ocrx_word' id='word_1_289' title='bbox 1083 2222 1183 2261; x_wconf 88' lang='lat' dir='ltr'>serie</span> <span class='ocrx_word' id='word_1_290' title='bbox 1213 2220 1297 2259; x_wconf 88' lang='lat' dir='ltr'>tolli</span> <span class='ocrx_word' id='word_1_291' title='bbox 1330 2220 1518 2259; x_wconf 87' lang='lat' dir='ltr'>videatur.</span> 
     </span>
     <span class='ocr_line' id='line_1_31' title="bbox 534 2294 1859 2348; baseline -0.003 -14"><span class='ocrx_word' id='word_1_292' title='bbox 534 2296 609 2334; x_wconf 82' lang='lat'>197</span> <span class='ocrx_word' id='word_1_293' title='bbox 670 2295 808 2334; x_wconf 69' lang='lat' dir='ltr'>Pluris</span> <span class='ocrx_word' id='word_1_294' title='bbox 837 2308 927 2348; x_wconf 74' lang='lat' dir='ltr'>opes</span> <span class='ocrx_word' id='word_1_295' title='bbox 956 2308 1060 2333; x_wconf 79' lang='lat' dir='ltr'>nunc</span> <span class='ocrx_word' id='word_1_296' title='bbox 1088 2301 1190 2339; x_wconf 69' lang='lat' dir='ltr'>eunt,</span> <span class='ocrx_word' id='word_1_297' title='bbox 1220 2307 1338 2345; x_wconf 81' lang='lat' dir='ltr'>quam</span> <span class='ocrx_word' id='word_1_298' title='bbox 1364 2294 1492 2345; x_wconf 76' lang='lat' dir='ltr'>prisci</span> <span class='ocrx_word' id='word_1_299' title='bbox 1519 2294 1702 2344; x_wconf 72' lang='lat' dir='ltr'>temporis</span> <span class='ocrx_word' id='word_1_300' title='bbox 1731 2294 1859 2340; x_wconf 62' lang='grc' dir='ltr'>αηηιζς,</span> 
     </span>
     <span class='ocr_line' id='line_1_32' title="bbox 739 2365 1761 2420; baseline -0.005 -13"><span class='ocrx_word' id='word_1_301' title='bbox 739 2366 849 2406; x_wconf 82' lang='lat' dir='ltr'>Dum</span> <span class='ocrx_word' id='word_1_302' title='bbox 875 2366 1046 2420; x_wconf 70' lang='lat' dir='ltr'>populzw</span> <span class='ocrx_word' id='word_1_303' title='bbox 1068 2379 1238 2419; x_wconf 77' lang='lat' dir='ltr'>pauper,</span> <span class='ocrx_word' id='word_1_304' title='bbox 1270 2366 1363 2404; x_wconf 83' lang='lat' dir='ltr'>dum</span> <span class='ocrx_word' id='word_1_305' title='bbox 1390 2378 1491 2404; x_wconf 80' lang='lat' dir='ltr'>nova</span> <span class='ocrx_word' id='word_1_306' title='bbox 1518 2365 1645 2403; x_wconf 87' lang='lat' dir='ltr'>Roma</span> <span class='ocrx_word' id='word_1_307' title='bbox 1662 2365 1761 2414; x_wconf 82' lang='lat' dir='ltr'>fuit.</span> 
     </span>
     <span class='ocr_line' id='line_1_33' title="bbox 673 2436 1788 2490; baseline -0.003 -13"><span class='ocrx_word' id='word_1_308' title='bbox 673 2438 783 2476; x_wconf 81' lang='lat' dir='ltr'>Dum</span> <span class='ocrx_word' id='word_1_309' title='bbox 811 2452 903 2477; x_wconf 67' lang='lat' dir='ltr'>caea</span> <span class='ocrx_word' id='word_1_310' title='bbox 922 2439 1186 2490; x_wconf 72' lang='lat' dir='ltr'>Martiyenam</span> <span class='ocrx_word' id='word_1_311' title='bbox 1215 2439 1393 2490; x_wconf 79' lang='lat' dir='ltr'>capiebat</span> <span class='ocrx_word' id='word_1_312' title='bbox 1417 2451 1546 2488; x_wconf 80' lang='lat' dir='ltr'>parva</span> <span class='ocrx_word' id='word_1_313' title='bbox 1578 2436 1788 2484; x_wconf 77' lang='lat' dir='ltr'>Quirinum</span> 
     </span>
     <span class='ocr_line' id='line_1_34' title="bbox 532 2508 1636 2560; baseline -0.003 -12"><span class='ocrx_word' id='word_1_314' title='bbox 532 2511 613 2548; x_wconf 76' lang='lat'>&#39;200</span> <span class='ocrx_word' id='word_1_315' title='bbox 738 2511 792 2548; x_wconf 79' lang='lat' dir='ltr'>Et</span> <span class='ocrx_word' id='word_1_316' title='bbox 819 2510 939 2548; x_wconf 81' lang='lat' dir='ltr'>dabat</span> <span class='ocrx_word' id='word_1_317' title='bbox 967 2512 1148 2560; x_wconf 71' lang='lat' dir='ltr'>exiyuum</span> <span class='ocrx_word' id='word_1_318' title='bbox 1167 2510 1348 2560; x_wconf 69' lang='lat' dir='ltr'>fluminis</span> <span class='ocrx_word' id='word_1_319' title='bbox 1376 2508 1468 2547; x_wconf 81' lang='lat' dir='ltr'>ulva</span> <span class='ocrx_word' id='word_1_320' title='bbox 1497 2516 1636 2556; x_wconf 78' lang='lat' dir='ltr'>torum,</span> 
     </span>
     <span class='ocr_line' id='line_1_35' title="bbox 674 2578 1621 2634; baseline -0.003 -13"><span class='ocrx_word' id='word_1_321' title='bbox 674 2581 856 2634; x_wconf 77' lang='lat' dir='ltr'>Iuppiter</span> <span class='ocrx_word' id='word_1_322' title='bbox 883 2590 1051 2634; x_wconf 68' lang='lat' dir='ltr'>anqueta</span> <span class='ocrx_word' id='word_1_323' title='bbox 1078 2582 1146 2621; x_wconf 73' lang='lat' dir='ltr'>vix</span> <span class='ocrx_word' id='word_1_324' title='bbox 1174 2587 1274 2621; x_wconf 71' lang='lat' dir='ltr'>totae</span> <span class='ocrx_word' id='word_1_325' title='bbox 1302 2578 1430 2621; x_wconf 70' lang='lat' dir='ltr'>stabat</span> <span class='ocrx_word' id='word_1_326' title='bbox 1456 2579 1499 2619; x_wconf 85' lang='lat' dir='ltr'>in</span> <span class='ocrx_word' id='word_1_327' title='bbox 1528 2578 1621 2619; x_wconf 79' lang='lat' dir='ltr'>aede</span> 
     </span>
     <span class='ocr_line' id='line_1_36' title="bbox 739 2652 1603 2708; baseline -0.008 -14"><span class='ocrx_word' id='word_1_328' title='bbox 739 2652 864 2708; x_wconf 80' lang='lat' dir='ltr'>Inque</span> <span class='ocrx_word' id='word_1_329' title='bbox 893 2652 999 2694; x_wconf 73' lang='lat' dir='ltr'>Iovis</span> <span class='ocrx_word' id='word_1_330' title='bbox 1028 2653 1165 2694; x_wconf 75' lang='lat' dir='ltr'>dextra</span> <span class='ocrx_word' id='word_1_331' title='bbox 1183 2652 1307 2705; x_wconf 80' lang='lat' dir='ltr'>fictile</span> <span class='ocrx_word' id='word_1_332' title='bbox 1323 2652 1482 2704; x_wconf 77' lang='lat' dir='ltr'>fulmen</span> <span class='ocrx_word' id='word_1_333' title='bbox 1511 2658 1603 2698; x_wconf 77' lang='lat' dir='ltr'>erat,</span> 
     </span>
    </p>
   </div>
   <div class='ocr_carea' id='block_1_3' title="bbox 209 2836 2187 3064">
    <p class='ocr_par' dir='ltr' id='par_1_3' title="bbox 209 2836 2187 3064">
     <span class='ocr_line' id='line_1_37' title="bbox 408 2836 2186 2880; baseline -0.002 -8"><span class='ocrx_word' id='word_1_334' title='bbox 408 2837 437 2878; x_wconf 80' lang='grc'>*)</span> <span class='ocrx_word' id='word_1_335' title='bbox 461 2838 610 2874; x_wconf 81' lang='lat' dir='ltr'>Difficile</span> <span class='ocrx_word' id='word_1_336' title='bbox 635 2840 720 2874; x_wconf 84' lang='lat' dir='ltr'>haec</span> <span class='ocrx_word' id='word_1_337' title='bbox 745 2840 785 2873; x_wconf 85' lang='lat' dir='ltr'>de</span> <span class='ocrx_word' id='word_1_338' title='bbox 808 2840 1035 2873; x_wconf 85' lang='lat' dir='ltr'>distichorum</span> <span class='ocrx_word' id='word_1_339' title='bbox 1051 2839 1245 2873; x_wconf 76' lang='lat' dir='ltr'>rationibus</span> <span class='ocrx_word' id='word_1_340' title='bbox 1263 2848 1351 2880; x_wconf 86' lang='lat' dir='ltr'>quae</span> <span class='ocrx_word' id='word_1_341' title='bbox 1369 2837 1513 2870; x_wconf 85' lang='lat' dir='ltr'>dicimus</span> <span class='ocrx_word' id='word_1_342' title='bbox 1531 2836 1695 2878; x_wconf 83' lang='lat' dir='ltr'>exemplis</span> <span class='ocrx_word' id='word_1_343' title='bbox 1712 2840 1966 2876; x_wconf 80' lang='lat' dir='ltr'>monstrantur3</span> <span class='ocrx_word' id='word_1_344' title='bbox 1993 2836 2053 2869; x_wconf 81' lang='lat' dir='ltr'>sed</span> <span class='ocrx_word' id='word_1_345' title='bbox 2070 2840 2186 2869; x_wconf 82' lang='lat' dir='ltr'>tamen</span> 
     </span>
     <span class='ocr_line' id='line_1_38' title="bbox 210 2896 2187 2944; baseline -0.001 -14"><span class='ocrx_word' id='word_1_346' title='bbox 210 2896 268 2938; x_wconf 89' lang='lat' dir='ltr'>qui</span> <span class='ocrx_word' id='word_1_347' title='bbox 294 2907 415 2931; x_wconf 85' lang='lat' dir='ltr'>versus</span> <span class='ocrx_word' id='word_1_348' title='bbox 439 2900 480 2933; x_wconf 86' lang='lat' dir='ltr'>de</span> <span class='ocrx_word' id='word_1_349' title='bbox 504 2900 614 2942; x_wconf 85' lang='lat' dir='ltr'>primo</span> <span class='ocrx_word' id='word_1_350' title='bbox 638 2911 724 2942; x_wconf 78' lang='lat' dir='ltr'>quos</span> <span class='ocrx_word' id='word_1_351' title='bbox 748 2911 853 2944; x_wconf 83' lang='lat' dir='ltr'>supra</span> <span class='ocrx_word' id='word_1_352' title='bbox 876 2912 909 2944; x_wconf 84' lang='lat' dir='ltr'>p.</span> <span class='ocrx_word' id='word_1_353' title='bbox 926 2902 985 2934; x_wconf 83' lang='lat' dir='ltr'>3s.</span> <span class='ocrx_word' id='word_1_354' title='bbox 1010 2900 1192 2934; x_wconf 84' lang='lat' dir='ltr'>attulimus</span> <span class='ocrx_word' id='word_1_355' title='bbox 1217 2898 1346 2933; x_wconf 81' lang='lat'>75—84</span> <span class='ocrx_word' id='word_1_356' title='bbox 1369 2897 1573 2941; x_wconf 86' lang='lat' dir='ltr'>singillatim</span> <span class='ocrx_word' id='word_1_357' title='bbox 1598 2897 1804 2939; x_wconf 85' lang='lat' dir='ltr'>contulerit,</span> <span class='ocrx_word' id='word_1_358' title='bbox 1834 2896 2011 2940; x_wconf 85' lang='lat' dir='ltr'>intelliget</span> <span class='ocrx_word' id='word_1_359' title='bbox 2033 2896 2115 2939; x_wconf 89' lang='lat' dir='ltr'>quid</span> <span class='ocrx_word' id='word_1_360' title='bbox 2140 2896 2187 2929; x_wconf 82' lang='lat' dir='ltr'>sit</span> 
     </span>
     <span class='ocr_line' id='line_1_39' title="bbox 210 2957 2186 3004; baseline -0.001 -13"><span class='ocrx_word' id='word_1_361' title='bbox 210 2958 300 3000; x_wconf 86' lang='lat' dir='ltr'>quod</span> <span class='ocrx_word' id='word_1_362' title='bbox 322 2957 356 2992; x_wconf 87' lang='lat' dir='ltr'>in</span> <span class='ocrx_word' id='word_1_363' title='bbox 382 2959 447 2993; x_wconf 84' lang='lat' dir='ltr'>hae</span> <span class='ocrx_word' id='word_1_364' title='bbox 471 2964 549 2994; x_wconf 86' lang='lat' dir='ltr'>arte</span> <span class='ocrx_word' id='word_1_365' title='bbox 573 2962 823 3004; x_wconf 81' lang='lat' dir='ltr'>praedicemus;</span> <span class='ocrx_word' id='word_1_366' title='bbox 847 2961 970 3004; x_wconf 86' lang='lat' dir='ltr'>quibus</span> <span class='ocrx_word' id='word_1_367' title='bbox 994 2960 1149 2995; x_wconf 85' lang='lat' dir='ltr'>addimus</span> <span class='ocrx_word' id='word_1_368' title='bbox 1174 2960 1320 3002; x_wconf 82' lang='lat' dir='ltr'>exempli</span> <span class='ocrx_word' id='word_1_369' title='bbox 1344 2968 1448 2993; x_wconf 78' lang='lat' dir='ltr'>causa</span> <span class='ocrx_word' id='word_1_370' title='bbox 1472 2959 1513 2992; x_wconf 90' lang='lat' dir='ltr'>de</span> <span class='ocrx_word' id='word_1_371' title='bbox 1537 2958 1646 2992; x_wconf 87' lang='lat' dir='ltr'>tertio</span> <span class='ocrx_word' id='word_1_372' title='bbox 1671 2968 1793 2992; x_wconf 86' lang='lat' dir='ltr'>versus</span> <span class='ocrx_word' id='word_1_373' title='bbox 1816 2958 1990 2990; x_wconf 83' lang='lat'>235—244</span> <span class='ocrx_word' id='word_1_374' title='bbox 2007 2961 2043 2990; x_wconf 87' lang='lat' dir='ltr'>et</span> <span class='ocrx_word' id='word_1_375' title='bbox 2059 2957 2186 2998; x_wconf 80' lang='lat' dir='ltr'>quibis</span> 
     </span>
     <span class='ocr_line' id='line_1_40' title="bbox 209 3021 819 3064; baseline 0.003 -11"><span class='ocrx_word' id='word_1_376' title='bbox 209 3021 420 3063; x_wconf 84' lang='lat' dir='ltr'>respondent</span> <span class='ocrx_word' id='word_1_377' title='bbox 442 3021 477 3054; x_wconf 91' lang='lat' dir='ltr'>in</span> <span class='ocrx_word' id='word_1_378' title='bbox 501 3022 611 3064; x_wconf 89' lang='lat' dir='ltr'>primo</span> <span class='ocrx_word' id='word_1_379' title='bbox 637 3024 819 3057; x_wconf 79' lang='lat'>151—160.</span> 
     </span>
    </p>
   </div>
  </div>
 </body>
</html>
