<?xml version="1.0" encoding="UTF-8"?>
<!DOCTYPE html PUBLIC "-//W3C//DTD XHTML 1.0 Transitional//EN"
    "http://www.w3.org/TR/xhtml1/DTD/xhtml1-transitional.dtd">
<html xmlns="http://www.w3.org/1999/xhtml" xml:lang="en" lang="en">
 <head>
  <title>
</title>
<meta http-equiv="Content-Type" content="text/html;charset=utf-8" />
  <meta name='ocr-system' content='tesseract 3.04.00' />
  <meta name='ocr-capabilities' content='ocr_page ocr_carea ocr_par ocr_line ocrx_word'/>
</head>
<body>
  <div class='ocr_page' id='page_1' title='image "4769575_0027.png"; bbox 0 0 2466 3370; ppageno 0'>
   <div class='ocr_carea' id='block_1_1' title="bbox 1194 100 1239 138">
    <p class='ocr_par' dir='ltr' id='par_1_1' title="bbox 1194 100 1239 138">
     <span class='ocr_line' id='line_1_1' title="bbox 1194 100 1239 138; baseline 0 0"><span class='ocrx_word' id='word_1_1' title='bbox 1194 100 1239 138; x_wconf 69' lang='lat'><strong>91</strong></span> 
     </span>
    </p>
   </div>
   <div class='ocr_carea' id='block_1_2' title="bbox 1195 126 1216 138">
    <p class='ocr_par' dir='ltr' id='par_1_2' title="bbox 1195 126 1216 138">
     <span class='ocr_line' id='line_1_2' title="bbox 1195 126 1216 138; baseline 0 0"><span class='ocrx_word' id='word_1_2' title='bbox 1195 126 1216 138; x_wconf 67' lang='lat' dir='ltr'><strong>nd</strong></span> 
     </span>
    </p>
   </div>
   <div class='ocr_carea' id='block_1_3' title="bbox 236 208 2218 3075">
    <p class='ocr_par' dir='ltr' id='par_1_3' title="bbox 236 208 2218 3075">
     <span class='ocr_line' id='line_1_3' title="bbox 498 208 1648 263; baseline -0.001 -14"><span class='ocrx_word' id='word_1_3' title='bbox 498 210 534 260; x_wconf 81' lang='lat'><strong>5,</strong></span> <span class='ocrx_word' id='word_1_4' title='bbox 554 210 630 250; x_wconf 84' lang='lat'><strong>681</strong></span> <span class='ocrx_word' id='word_1_5' title='bbox 692 208 823 249; x_wconf 82' lang='lat' dir='ltr'><strong>Ablue</strong></span> <span class='ocrx_word' id='word_1_6' title='bbox 854 209 1054 261; x_wconf 88' lang='lat' dir='ltr'><strong>praeteriti</strong></span> <span class='ocrx_word' id='word_1_7' title='bbox 1080 210 1263 263; x_wconf 78' lang='lat' dir='ltr'><strong>periuria</strong></span> <span class='ocrx_word' id='word_1_8' title='bbox 1293 211 1479 262; x_wconf 72' lang='lat' dir='ltr'><strong>temporie</strong></span> <span class='ocrx_word' id='word_1_9' title='bbox 1508 211 1648 263; x_wconf 78' lang='lat' dir='ltr'><strong>inquit,</strong></span> 
     </span>
     <span class='ocr_line' id='line_1_4' title="bbox 433 271 1591 335; baseline 0 -14"><span class='ocrx_word' id='word_1_10' title='bbox 433 271 437 274; x_wconf 47' lang='grc'><strong>’</strong></span> <span class='ocrx_word' id='word_1_11' title='bbox 762 281 896 321; x_wconf 81' lang='lat' dir='ltr'><strong>Ablue</strong></span> <span class='ocrx_word' id='word_1_12' title='bbox 926 282 1162 335; x_wconf 89' lang='lat' dir='ltr'><strong>praeteritae</strong></span> <span class='ocrx_word' id='word_1_13' title='bbox 1186 282 1342 335; x_wconf 63' lang='lat' dir='ltr'><strong>perfida</strong></span> <span class='ocrx_word' id='word_1_14' title='bbox 1371 281 1488 321; x_wconf 86' lang='lat' dir='ltr'><strong>verba</strong></span> <span class='ocrx_word' id='word_1_15' title='bbox 1516 282 1591 322; x_wconf 85' lang='lat' dir='ltr'><strong>die.</strong></span> 
     </span>
     <span class='ocr_line' id='line_1_5' title="bbox 500 353 1535 404; baseline 0.001 -12"><span class='ocrx_word' id='word_1_16' title='bbox 500 355 608 404; x_wconf 85' lang='lat'><strong>6,16</strong></span> <span class='ocrx_word' id='word_1_17' title='bbox 901 368 950 393; x_wconf 88' lang='lat' dir='ltr'><strong>ex</strong></span> <span class='ocrx_word' id='word_1_18' title='bbox 979 353 1060 393; x_wconf 87' lang='lat' dir='ltr'><strong>illis</strong></span> <span class='ocrx_word' id='word_1_19' title='bbox 1089 355 1157 393; x_wconf 66' lang='lat' dir='ltr'><strong>sed</strong></span> <span class='ocrx_word' id='word_1_20' title='bbox 1185 363 1311 394; x_wconf 78' lang='lat' dir='ltr'><strong>tamen</strong></span> <span class='ocrx_word' id='word_1_21' title='bbox 1343 368 1421 393; x_wconf 91' lang='lat' dir='ltr'><strong>una</strong></span> <span class='ocrx_word' id='word_1_22' title='bbox 1449 354 1535 393; x_wconf 84' lang='lat' dir='ltr'><strong>fuit.</strong></span> 
     </span>
     <span class='ocr_line' id='line_1_6' title="bbox 697 424 1575 480; baseline 0.002 -16"><span class='ocrx_word' id='word_1_23' title='bbox 697 424 761 465; x_wconf 85' lang='lat' dir='ltr'><strong>Ex</strong></span> <span class='ocrx_word' id='word_1_24' title='bbox 790 424 870 465; x_wconf 89' lang='lat' dir='ltr'><strong>illis</strong></span> <span class='ocrx_word' id='word_1_25' title='bbox 899 426 975 465; x_wconf 85' lang='lat' dir='ltr'><strong>fuit</strong></span> <span class='ocrx_word' id='word_1_26' title='bbox 1005 440 1093 477; x_wconf 88' lang='lat' dir='ltr'><strong>una,</strong></span> <span class='ocrx_word' id='word_1_27' title='bbox 1124 428 1189 466; x_wconf 73' lang='lat' dir='ltr'><strong>sui</strong></span> <span class='ocrx_word' id='word_1_28' title='bbox 1212 441 1403 480; x_wconf 73' lang='lat' dir='ltr'><strong>yermana</strong></span> <span class='ocrx_word' id='word_1_29' title='bbox 1431 427 1575 466; x_wconf 80' lang='lat' dir='ltr'><strong>mariti.</strong></span> 
     </span>
     <span class='ocr_line' id='line_1_7' title="bbox 500 497 1718 552; baseline 0.001 -16"><span class='ocrx_word' id='word_1_30' title='bbox 500 497 635 546; x_wconf 84' lang='lat'>6,155</span> <span class='ocrx_word' id='word_1_31' title='bbox 692 497 886 537; x_wconf 67' lang='lat' dir='ltr'><strong>Protinus</strong></span> <span class='ocrx_word' id='word_1_32' title='bbox 915 498 1081 537; x_wconf 84' lang='lat' dir='ltr'><strong>arbutea</strong></span> <span class='ocrx_word' id='word_1_33' title='bbox 1107 506 1235 551; x_wconf 73' lang='lat' dir='ltr'><strong>poetes</strong></span> <span class='ocrx_word' id='word_1_34' title='bbox 1264 507 1324 539; x_wconf 89' lang='lat' dir='ltr'><strong>ter</strong></span> <span class='ocrx_word' id='word_1_35' title='bbox 1351 501 1395 539; x_wconf 81' lang='lat' dir='ltr'><strong>in</strong></span> <span class='ocrx_word' id='word_1_36' title='bbox 1425 500 1563 538; x_wconf 80' lang='lat' dir='ltr'><em>ordine</em></span> <span class='ocrx_word' id='word_1_37' title='bbox 1591 501 1718 552; x_wconf 76' lang='lat' dir='ltr'><strong>tanqit</strong></span> 
     </span>
     <span class='ocr_line' id='line_1_8' title="bbox 763 568 1704 621; baseline 0.001 -13"><span class='ocrx_word' id='word_1_38' title='bbox 763 568 932 621; x_wconf 88' lang='lat' dir='ltr'><strong>Fronde,</strong></span> <span class='ocrx_word' id='word_1_39' title='bbox 964 576 1024 609; x_wconf 87' lang='lat' dir='ltr'><strong>ter</strong></span> <span class='ocrx_word' id='word_1_40' title='bbox 1052 571 1218 610; x_wconf 79' lang='lat' dir='ltr'><strong>arbutea</strong></span> <span class='ocrx_word' id='word_1_41' title='bbox 1248 572 1386 611; x_wconf 85' lang='lat' dir='ltr'><strong>limina</strong></span> <span class='ocrx_word' id='word_1_42' title='bbox 1416 570 1555 610; x_wconf 88' lang='lat' dir='ltr'><strong>fronde</strong></span> <span class='ocrx_word' id='word_1_43' title='bbox 1584 578 1704 610; x_wconf 77' lang='lat' dir='ltr'><strong>notat.</strong></span> 
     </span>
     <span class='ocr_line' id='line_1_9' title="bbox 237 640 2211 696; baseline 0.001 -16"><span class='ocrx_word' id='word_1_44' title='bbox 237 642 325 681; x_wconf 92' lang='lat' dir='ltr'><strong>Non</strong></span> <span class='ocrx_word' id='word_1_45' title='bbox 348 647 441 681; x_wconf 87' lang='lat' dir='ltr'><strong>sunt</strong></span> <span class='ocrx_word' id='word_1_46' title='bbox 463 640 560 680; x_wconf 86' lang='lat' dir='ltr'><strong>haec</strong></span> <span class='ocrx_word' id='word_1_47' title='bbox 580 641 714 681; x_wconf 90' lang='lat' dir='ltr'><strong>omnia</strong></span> <span class='ocrx_word' id='word_1_48' title='bbox 735 641 911 681; x_wconf 90' lang='lat' dir='ltr'><strong>eiusdem</strong></span> <span class='ocrx_word' id='word_1_49' title='bbox 933 643 1102 694; x_wconf 85' lang='lat' dir='ltr'><strong>generis,</strong></span> <span class='ocrx_word' id='word_1_50' title='bbox 1125 650 1369 696; x_wconf 83' lang='lat' dir='ltr'><strong>possuntque</strong></span> <span class='ocrx_word' id='word_1_51' title='bbox 1391 643 1539 683; x_wconf 82' lang='lat' dir='ltr'>similia</span> <span class='ocrx_word' id='word_1_52' title='bbox 1558 643 1682 682; x_wconf 86' lang='lat' dir='ltr'><strong>multa</strong></span> <span class='ocrx_word' id='word_1_53' title='bbox 1697 657 1745 681; x_wconf 85' lang='lat' dir='ltr'><strong>ex</strong></span> <span class='ocrx_word' id='word_1_54' title='bbox 1766 643 1856 682; x_wconf 85' lang='lat' dir='ltr'><strong>aliis</strong></span> <span class='ocrx_word' id='word_1_55' title='bbox 1872 641 2007 682; x_wconf 85' lang='lat' dir='ltr'><strong>Ovidii</strong></span> <span class='ocrx_word' id='word_1_56' title='bbox 2025 643 2211 695; x_wconf 81' lang='lat' dir='ltr'><strong>operibus</strong></span> 
     </span>
     <span class='ocr_line' id='line_1_10' title="bbox 236 712 2211 767; baseline 0.001 -16"><span class='ocrx_word' id='word_1_57' title='bbox 236 712 347 763; x_wconf 82' lang='lat' dir='ltr'><strong>addi3</strong></span> <span class='ocrx_word' id='word_1_58' title='bbox 379 712 447 752; x_wconf 90' lang='lat' dir='ltr'><strong>sed</strong></span> <span class='ocrx_word' id='word_1_59' title='bbox 479 713 568 765; x_wconf 91' lang='lat' dir='ltr'><strong>quis</strong></span> <span class='ocrx_word' id='word_1_60' title='bbox 600 713 665 766; x_wconf 94' lang='lat' dir='ltr'><strong>qui</strong></span> <span class='ocrx_word' id='word_1_61' title='bbox 697 713 794 753; x_wconf 85' lang='lat' dir='ltr'><strong>haec</strong></span> <span class='ocrx_word' id='word_1_62' title='bbox 823 728 902 752; x_wconf 90' lang='lat' dir='ltr'><strong>non</strong></span> <span class='ocrx_word' id='word_1_63' title='bbox 933 721 1125 766; x_wconf 84' lang='lat' dir='ltr'><strong>occupata</strong></span> <span class='ocrx_word' id='word_1_64' title='bbox 1154 721 1283 754; x_wconf 85' lang='lat' dir='ltr'><strong>mente</strong></span> <span class='ocrx_word' id='word_1_65' title='bbox 1314 715 1649 767; x_wconf 69' lang='lat' dir='ltr'><strong>per-temptaverit,</strong></span> <span class='ocrx_word' id='word_1_66' title='bbox 1681 729 1759 753; x_wconf 89' lang='lat' dir='ltr'><strong>non</strong></span> <span class='ocrx_word' id='word_1_67' title='bbox 1782 715 1885 754; x_wconf 90' lang='lat' dir='ltr'><strong>idem</strong></span> <span class='ocrx_word' id='word_1_68' title='bbox 1908 715 2015 754; x_wconf 87' lang='lat' dir='ltr'><strong>filum</strong></span> <span class='ocrx_word' id='word_1_69' title='bbox 2038 715 2211 753; x_wconf 88' lang='lat' dir='ltr'><strong>ludentis</strong></span> 
     </span>
     <span class='ocr_line' id='line_1_11' title="bbox 238 786 968 838; baseline 0 -14"><span class='ocrx_word' id='word_1_70' title='bbox 238 792 376 838; x_wconf 83' lang='lat' dir='ltr'><strong>poetae</strong></span> <span class='ocrx_word' id='word_1_71' title='bbox 407 792 596 837; x_wconf 79' lang='lat' dir='ltr'><strong>agnoscet</strong></span> <span class='ocrx_word' id='word_1_72' title='bbox 625 800 714 824; x_wconf 91' lang='lat' dir='ltr'><strong>cum</strong></span> <span class='ocrx_word' id='word_1_73' title='bbox 743 786 841 824; x_wconf 86' lang='lat' dir='ltr'><strong>haec</strong></span> <span class='ocrx_word' id='word_1_74' title='bbox 870 786 968 836; x_wconf 84' lang='lat' dir='ltr'><strong>legit</strong></span> 
     </span>
     <span class='ocr_line' id='line_1_12' title="bbox 698 857 1770 911; baseline 0.001 -15"><span class='ocrx_word' id='word_1_75' title='bbox 698 857 912 897; x_wconf 62' lang='lat' dir='ltr'><strong>Carmentis</strong></span> <span class='ocrx_word' id='word_1_76' title='bbox 939 865 1076 910; x_wconf 80' lang='lat' dir='ltr'><strong>portae</strong></span> <span class='ocrx_word' id='word_1_77' title='bbox 1105 858 1238 898; x_wconf 71' lang='lat' dir='ltr'><strong>deoetro</strong></span> <span class='ocrx_word' id='word_1_78' title='bbox 1268 865 1323 898; x_wconf 70' lang='lat' dir='ltr'><strong>eet</strong></span> <span class='ocrx_word' id='word_1_79' title='bbox 1349 860 1415 898; x_wconf 89' lang='lat' dir='ltr'><strong>via</strong></span> <span class='ocrx_word' id='word_1_80' title='bbox 1442 860 1628 911; x_wconf 73' lang='lat' dir='ltr'><strong>proxima</strong></span> <span class='ocrx_word' id='word_1_81' title='bbox 1656 860 1770 898; x_wconf 82' lang='lat' dir='ltr'><strong>iano.-</strong></span> 
     </span>
     <span class='ocr_line' id='line_1_13' title="bbox 765 929 1788 982; baseline 0.002 -15"><span class='ocrx_word' id='word_1_82' title='bbox 765 929 829 968; x_wconf 85' lang='lat' dir='ltr'><strong>Ire</strong></span> <span class='ocrx_word' id='word_1_83' title='bbox 856 942 929 982; x_wconf 86' lang='lat' dir='ltr'><strong>per</strong></span> <span class='ocrx_word' id='word_1_84' title='bbox 956 929 1057 968; x_wconf 78' lang='lat' dir='ltr'><strong>hanc</strong></span> <span class='ocrx_word' id='word_1_85' title='bbox 1084 930 1178 980; x_wconf 82' lang='lat' dir='ltr'><strong>noli,</strong></span> <span class='ocrx_word' id='word_1_86' title='bbox 1211 931 1391 982; x_wconf 72' lang='lat' dir='ltr'><strong>quisquis</strong></span> <span class='ocrx_word' id='word_1_87' title='bbox 1422 943 1479 969; x_wconf 73' lang='lat' dir='ltr'><strong>ee:</strong></span> <span class='ocrx_word' id='word_1_88' title='bbox 1509 944 1624 969; x_wconf 89' lang='lat' dir='ltr'><strong>omen</strong></span> <span class='ocrx_word' id='word_1_89' title='bbox 1656 930 1788 969; x_wconf 89' lang='lat' dir='ltr'><strong>habet.</strong></span> 
     </span>
     <span class='ocr_line' id='line_1_14' title="bbox 700 1001 1616 1053; baseline 0.002 -14"><span class='ocrx_word' id='word_1_90' title='bbox 700 1001 778 1040; x_wconf 85' lang='lat' dir='ltr'><strong>Illa</strong></span> <span class='ocrx_word' id='word_1_91' title='bbox 795 1001 917 1053; x_wconf 89' lang='lat' dir='ltr'><strong>fama</strong></span> <span class='ocrx_word' id='word_1_92' title='bbox 945 1002 1066 1053; x_wconf 80' lang='lat' dir='ltr'><strong>refert</strong></span> <span class='ocrx_word' id='word_1_93' title='bbox 1094 1002 1238 1042; x_wconf 71' lang='lat' dir='ltr'><strong>Fabios</strong></span> <span class='ocrx_word' id='word_1_94' title='bbox 1267 1004 1391 1042; x_wconf 71' lang='lat' dir='ltr'><strong>exieee</strong></span> <span class='ocrx_word' id='word_1_95' title='bbox 1420 1010 1616 1042; x_wconf 73' lang='lat' dir='ltr'><strong>trecentos.</strong></span> 
     </span>
     <span class='ocr_line' id='line_1_15' title="bbox 763 1074 1747 1128; baseline 0 -15"><span class='ocrx_word' id='word_1_96' title='bbox 763 1074 889 1114; x_wconf 80' lang='lat' dir='ltr'><strong>Porta</strong></span> <span class='ocrx_word' id='word_1_97' title='bbox 917 1082 1031 1114; x_wconf 81' lang='lat' dir='ltr'><strong>vacat</strong></span> <span class='ocrx_word' id='word_1_98' title='bbox 1059 1074 1187 1128; x_wconf 84' lang='lat' dir='ltr'><strong>culpa,</strong></span> <span class='ocrx_word' id='word_1_99' title='bbox 1218 1075 1286 1115; x_wconf 72' lang='lat' dir='ltr'><strong>sed</strong></span> <span class='ocrx_word' id='word_1_100' title='bbox 1313 1082 1440 1115; x_wconf 81' lang='lat' dir='ltr'><strong>tamen</strong></span> <span class='ocrx_word' id='word_1_101' title='bbox 1470 1089 1585 1115; x_wconf 90' lang='lat' dir='ltr'><strong>omen</strong></span> <span class='ocrx_word' id='word_1_102' title='bbox 1617 1074 1747 1115; x_wconf 89' lang='lat' dir='ltr'><strong>habet.</strong></span> 
     </span>
     <span class='ocr_line' id='line_1_16' title="bbox 237 1145 2213 1200; baseline 0.001 -15"><span class='ocrx_word' id='word_1_103' title='bbox 237 1146 376 1198; x_wconf 78' lang='lat' dir='ltr'><strong>Itaque</strong></span> <span class='ocrx_word' id='word_1_104' title='bbox 412 1160 616 1199; x_wconf 88' lang='lat' dir='ltr'><strong>speramus</strong></span> <span class='ocrx_word' id='word_1_105' title='bbox 653 1145 734 1186; x_wconf 86' lang='lat' dir='ltr'><strong>fore</strong></span> <span class='ocrx_word' id='word_1_106' title='bbox 771 1152 814 1186; x_wconf 91' lang='lat' dir='ltr'><strong>ut</strong></span> <span class='ocrx_word' id='word_1_107' title='bbox 848 1145 1046 1186; x_wconf 86' lang='lat' dir='ltr'><strong>distichon</strong></span> <span class='ocrx_word' id='word_1_108' title='bbox 1083 1146 1180 1185; x_wconf 91' lang='lat' dir='ltr'><strong>illud</strong></span> <span class='ocrx_word' id='word_1_109' title='bbox 1217 1146 1378 1187; x_wconf 86' lang='lat' dir='ltr'><strong>tandem</strong></span> <span class='ocrx_word' id='word_1_110' title='bbox 1414 1146 1552 1187; x_wconf 83' lang='lat' dir='ltr'><strong>redeat</strong></span> <span class='ocrx_word' id='word_1_111' title='bbox 1581 1161 1773 1200; x_wconf 85' lang='lat' dir='ltr'><strong>suamque</strong></span> <span class='ocrx_word' id='word_1_112' title='bbox 1803 1146 1937 1187; x_wconf 89' lang='lat' dir='ltr'><strong>sedem</strong></span> <span class='ocrx_word' id='word_1_113' title='bbox 1968 1146 2213 1200; x_wconf 86' lang='lat' dir='ltr'><strong>postliminio</strong></span> 
     </span>
     <span class='ocr_line' id='line_1_17' title="bbox 237 1218 2211 1271; baseline 0.001 -14"><span class='ocrx_word' id='word_1_114' title='bbox 237 1218 462 1257; x_wconf 86' lang='lat' dir='ltr'><strong>restitutum</strong></span> <span class='ocrx_word' id='word_1_115' title='bbox 493 1224 658 1271; x_wconf 89' lang='lat' dir='ltr'><strong>occupet</strong></span> <span class='ocrx_word' id='word_1_116' title='bbox 688 1218 806 1257; x_wconf 89' lang='lat' dir='ltr'><strong>nimis</strong></span> <span class='ocrx_word' id='word_1_117' title='bbox 828 1218 893 1257; x_wconf 90' lang='lat' dir='ltr'><strong>diu</strong></span> <span class='ocrx_word' id='word_1_118' title='bbox 917 1218 1143 1257; x_wconf 87' lang='lat' dir='ltr'><strong>criticorum</strong></span> <span class='ocrx_word' id='word_1_119' title='bbox 1171 1219 1421 1257; x_wconf 84' lang='lat' dir='ltr'><strong>contumacia</strong></span> <span class='ocrx_word' id='word_1_120' title='bbox 1441 1226 1617 1270; x_wconf 88' lang='lat' dir='ltr'><strong>spretum</strong></span> <span class='ocrx_word' id='word_1_121' title='bbox 1637 1233 1787 1271; x_wconf 91' lang='lat' dir='ltr'><strong>suoque</strong></span> <span class='ocrx_word' id='word_1_122' title='bbox 1808 1226 1949 1271; x_wconf 90' lang='lat' dir='ltr'><strong>poetae</strong></span> <span class='ocrx_word' id='word_1_123' title='bbox 1969 1219 2211 1271; x_wconf 85' lang='lat' dir='ltr'><strong>ademptum.</strong></span> 
     </span>
     <span class='ocr_line' id='line_1_18' title="bbox 434 1291 2212 1343; baseline 0.001 -14"><span class='ocrx_word' id='word_1_124' title='bbox 434 1292 471 1329; x_wconf 91' lang='lat'><strong>4.</strong></span> <span class='ocrx_word' id='word_1_125' title='bbox 516 1291 563 1329; x_wconf 93' lang='lat' dir='ltr'><strong>In</strong></span> <span class='ocrx_word' id='word_1_126' title='bbox 602 1297 778 1329; x_wconf 87' lang='lat' dir='ltr'><strong>extremo</strong></span> <span class='ocrx_word' id='word_1_127' title='bbox 814 1291 954 1342; x_wconf 84' lang='lat' dir='ltr'><strong>capite,</strong></span> <span class='ocrx_word' id='word_1_128' title='bbox 993 1306 1081 1329; x_wconf 90' lang='lat' dir='ltr'><strong>cum</strong></span> <span class='ocrx_word' id='word_1_129' title='bbox 1119 1291 1168 1330; x_wconf 91' lang='lat' dir='ltr'><strong>ad</strong></span> <span class='ocrx_word' id='word_1_130' title='bbox 1206 1292 1326 1330; x_wconf 88' lang='lat' dir='ltr'><strong>finem</strong></span> <span class='ocrx_word' id='word_1_131' title='bbox 1363 1292 1501 1331; x_wconf 88' lang='lat' dir='ltr'><strong>tendat</strong></span> <span class='ocrx_word' id='word_1_132' title='bbox 1536 1291 1751 1343; x_wconf 79' lang='lat' dir='ltr'><strong>disputatio</strong></span> <span class='ocrx_word' id='word_1_133' title='bbox 1788 1292 1867 1331; x_wconf 89' lang='lat' dir='ltr'><strong>iam</strong></span> <span class='ocrx_word' id='word_1_134' title='bbox 1896 1292 2016 1332; x_wconf 89' lang='lat' dir='ltr'><strong>nimis</strong></span> <span class='ocrx_word' id='word_1_135' title='bbox 2046 1291 2212 1343; x_wconf 82' lang='lat' dir='ltr'><strong>prolixa,</strong></span> 
     </span>
     <span class='ocr_line' id='line_1_19' title="bbox 238 1362 2215 1415; baseline 0 -13"><span class='ocrx_word' id='word_1_136' title='bbox 238 1363 411 1402; x_wconf 89' lang='lat' dir='ltr'><strong>breviter</strong></span> <span class='ocrx_word' id='word_1_137' title='bbox 448 1363 762 1415; x_wconf 88' lang='lat' dir='ltr'><strong>significabimus</strong></span> <span class='ocrx_word' id='word_1_138' title='bbox 799 1362 893 1415; x_wconf 92' lang='lat' dir='ltr'><strong>quid</strong></span> <span class='ocrx_word' id='word_1_139' title='bbox 931 1362 978 1402; x_wconf 90' lang='lat' dir='ltr'><strong>de</strong></span> <span class='ocrx_word' id='word_1_140' title='bbox 1015 1362 1196 1402; x_wconf 79' lang='lat' dir='ltr'><strong>versibus</strong></span> <span class='ocrx_word' id='word_1_141' title='bbox 1233 1362 1324 1402; x_wconf 83' lang='lat' dir='ltr'><strong>libri</strong></span> <span class='ocrx_word' id='word_1_142' title='bbox 1361 1363 1476 1415; x_wconf 87' lang='lat' dir='ltr'><strong>primi</strong></span> <span class='ocrx_word' id='word_1_143' title='bbox 1514 1363 1606 1403; x_wconf 77' lang='lat'><strong>205.</strong></span> <span class='ocrx_word' id='word_1_144' title='bbox 1630 1363 1709 1403; x_wconf 79' lang='lat'><strong>206</strong></span> <span class='ocrx_word' id='word_1_145' title='bbox 1745 1362 1998 1403; x_wconf 85' lang='lat' dir='ltr'><strong>iudicandum</strong></span> <span class='ocrx_word' id='word_1_146' title='bbox 2034 1363 2215 1402; x_wconf 83' lang='lat' dir='ltr'><strong>videatur</strong></span> 
     </span>
     <span class='ocr_line' id='line_1_20' title="bbox 237 1434 2211 1488; baseline -0.001 -14"><span class='ocrx_word' id='word_1_147' title='bbox 237 1434 302 1488; x_wconf 90' lang='lat' dir='ltr'><strong>qui</strong></span> <span class='ocrx_word' id='word_1_148' title='bbox 340 1434 446 1474; x_wconf 86' lang='lat' dir='ltr'><strong>varie</strong></span> <span class='ocrx_word' id='word_1_149' title='bbox 485 1434 645 1487; x_wconf 88' lang='lat' dir='ltr'><strong>quidem</strong></span> <span class='ocrx_word' id='word_1_150' title='bbox 681 1449 704 1474; x_wconf 84' lang='lat' dir='ltr'><strong>a</strong></span> <span class='ocrx_word' id='word_1_151' title='bbox 740 1434 869 1473; x_wconf 87' lang='lat' dir='ltr'><strong>doctis</strong></span> <span class='ocrx_word' id='word_1_152' title='bbox 905 1434 1134 1473; x_wconf 89' lang='lat' dir='ltr'><strong>hominibus</strong></span> <span class='ocrx_word' id='word_1_153' title='bbox 1170 1435 1351 1486; x_wconf 87' lang='lat' dir='ltr'><strong>temptati</strong></span> <span class='ocrx_word' id='word_1_154' title='bbox 1384 1434 1452 1474; x_wconf 90' lang='lat' dir='ltr'><strong>sed</strong></span> <span class='ocrx_word' id='word_1_155' title='bbox 1484 1434 1676 1485; x_wconf 88' lang='lat' dir='ltr'><strong>nondum,</strong></span> <span class='ocrx_word' id='word_1_156' title='bbox 1716 1436 1791 1474; x_wconf 89' lang='lat' dir='ltr'><strong>nisi</strong></span> <span class='ocrx_word' id='word_1_157' title='bbox 1823 1449 1895 1474; x_wconf 92' lang='lat' dir='ltr'><strong>nos</strong></span> <span class='ocrx_word' id='word_1_158' title='bbox 1930 1435 2032 1473; x_wconf 83' lang='lat' dir='ltr'><strong>fallit</strong></span> <span class='ocrx_word' id='word_1_159' title='bbox 2066 1436 2211 1487; x_wconf 83' lang='lat' dir='ltr'><strong>opinio,</strong></span> 
     </span>
     <span class='ocr_line' id='line_1_21' title="bbox 238 1505 1584 1560; baseline 0 -14"><span class='ocrx_word' id='word_1_160' title='bbox 238 1507 497 1560; x_wconf 84' lang='lat' dir='ltr'><strong>probabiliter</strong></span> <span class='ocrx_word' id='word_1_161' title='bbox 527 1507 686 1547; x_wconf 85' lang='lat' dir='ltr'><strong>tractati</strong></span> <span class='ocrx_word' id='word_1_162' title='bbox 717 1513 821 1547; x_wconf 87' lang='lat' dir='ltr'><strong>sunt.</strong></span> <span class='ocrx_word' id='word_1_163' title='bbox 867 1505 947 1556; x_wconf 82' lang='lat' dir='ltr'><strong>Qui</strong></span> <span class='ocrx_word' id='word_1_164' title='bbox 979 1521 1118 1547; x_wconf 91' lang='lat' dir='ltr'><strong>versus</strong></span> <span class='ocrx_word' id='word_1_165' title='bbox 1147 1506 1223 1546; x_wconf 91' lang='lat' dir='ltr'><strong>hoc</strong></span> <span class='ocrx_word' id='word_1_166' title='bbox 1252 1521 1359 1546; x_wconf 85' lang='lat' dir='ltr'><strong>nexu</strong></span> <span class='ocrx_word' id='word_1_167' title='bbox 1389 1507 1584 1559; x_wconf 87' lang='lat' dir='ltr'><strong>leguntur.</strong></span> 
     </span>
     <span class='ocr_line' id='line_1_22' title="bbox 563 1580 1891 1633; baseline -0.001 -13"><span class='ocrx_word' id='word_1_168' title='bbox 563 1580 637 1620; x_wconf 87' lang='lat'><strong>197</strong></span> <span class='ocrx_word' id='word_1_169' title='bbox 697 1580 834 1619; x_wconf 66' lang='lat' dir='ltr'><strong>Pluris</strong></span> <span class='ocrx_word' id='word_1_170' title='bbox 865 1593 955 1632; x_wconf 76' lang='lat' dir='ltr'><strong>opes</strong></span> <span class='ocrx_word' id='word_1_171' title='bbox 985 1594 1089 1619; x_wconf 80' lang='lat' dir='ltr'><strong>nunc</strong></span> <span class='ocrx_word' id='word_1_172' title='bbox 1117 1587 1218 1625; x_wconf 71' lang='lat' dir='ltr'><strong>eunt,</strong></span> <span class='ocrx_word' id='word_1_173' title='bbox 1250 1593 1369 1632; x_wconf 81' lang='lat' dir='ltr'><strong>quam</strong></span> <span class='ocrx_word' id='word_1_174' title='bbox 1395 1581 1523 1633; x_wconf 67' lang='lat' dir='ltr'><strong>prisci</strong></span> <span class='ocrx_word' id='word_1_175' title='bbox 1548 1581 1732 1633; x_wconf 72' lang='lat' dir='ltr'><strong>temporis</strong></span> <span class='ocrx_word' id='word_1_176' title='bbox 1762 1581 1891 1628; x_wconf 68' lang='lat' dir='ltr'><strong>annis,</strong></span> 
     </span>
     <span class='ocr_line' id='line_1_23' title="bbox 763 1648 1795 1705; baseline -0.001 -14"><span class='ocrx_word' id='word_1_177' title='bbox 763 1652 872 1691; x_wconf 86' lang='lat' dir='ltr'><strong>Dum</strong></span> <span class='ocrx_word' id='word_1_178' title='bbox 895 1652 1072 1705; x_wconf 70' lang='lat' dir='ltr'><strong>populus</strong></span> <span class='ocrx_word' id='word_1_179' title='bbox 1095 1666 1267 1705; x_wconf 80' lang='lat' dir='ltr'><strong>pauper,</strong></span> <span class='ocrx_word' id='word_1_180' title='bbox 1299 1653 1392 1691; x_wconf 85' lang='lat' dir='ltr'><strong>dum</strong></span> <span class='ocrx_word' id='word_1_181' title='bbox 1420 1666 1521 1691; x_wconf 80' lang='lat' dir='ltr'><strong>nova</strong></span> <span class='ocrx_word' id='word_1_182' title='bbox 1550 1648 1676 1690; x_wconf 76' lang='lat' dir='ltr'><strong>Roma</strong></span> <span class='ocrx_word' id='word_1_183' title='bbox 1694 1653 1795 1703; x_wconf 78' lang='lat' dir='ltr'><strong>fuit,</strong></span> 
     </span>
     <span class='ocr_line' id='line_1_24' title="bbox 698 1723 1839 1777; baseline 0 -14"><span class='ocrx_word' id='word_1_184' title='bbox 698 1724 806 1763; x_wconf 85' lang='lat' dir='ltr'><strong>Dum</strong></span> <span class='ocrx_word' id='word_1_185' title='bbox 835 1738 927 1763; x_wconf 70' lang='lat' dir='ltr'><strong>caea</strong></span> <span class='ocrx_word' id='word_1_186' title='bbox 956 1725 1221 1777; x_wconf 51' lang='lat' dir='ltr'><strong>Marti-aenam</strong></span> <span class='ocrx_word' id='word_1_187' title='bbox 1251 1725 1430 1777; x_wconf 80' lang='lat' dir='ltr'><strong>capiebat</strong></span> <span class='ocrx_word' id='word_1_188' title='bbox 1456 1738 1584 1777; x_wconf 79' lang='lat' dir='ltr'><strong>parva</strong></span> <span class='ocrx_word' id='word_1_189' title='bbox 1617 1723 1839 1773; x_wconf 80' lang='lat' dir='ltr'><strong>Quirinum,</strong></span> 
     </span>
     <span class='ocr_line' id='line_1_25' title="bbox 561 1796 1653 1849; baseline 0 -13"><span class='ocrx_word' id='word_1_190' title='bbox 561 1797 642 1836; x_wconf 81' lang='grc'><strong>200</strong></span> <span class='ocrx_word' id='word_1_191' title='bbox 752 1797 806 1836; x_wconf 82' lang='lat' dir='ltr'><strong>Et</strong></span> <span class='ocrx_word' id='word_1_192' title='bbox 833 1796 953 1836; x_wconf 80' lang='lat' dir='ltr'><strong>dabat</strong></span> <span class='ocrx_word' id='word_1_193' title='bbox 981 1798 1164 1849; x_wconf 76' lang='lat' dir='ltr'><strong>exiquum</strong></span> <span class='ocrx_word' id='word_1_194' title='bbox 1183 1797 1366 1849; x_wconf 67' lang='lat' dir='ltr'><strong>fluminis</strong></span> <span class='ocrx_word' id='word_1_195' title='bbox 1395 1797 1487 1836; x_wconf 83' lang='lat' dir='ltr'><strong>ulva</strong></span> <span class='ocrx_word' id='word_1_196' title='bbox 1516 1804 1653 1836; x_wconf 79' lang='lat' dir='ltr'><strong>torum.</strong></span> 
     </span>
     <span class='ocr_line' id='line_1_26' title="bbox 699 1868 1664 1920; baseline 0.001 -13"><span class='ocrx_word' id='word_1_197' title='bbox 699 1869 880 1920; x_wconf 83' lang='lat' dir='ltr'><strong>Iuppiter</strong></span> <span class='ocrx_word' id='word_1_198' title='bbox 908 1876 1074 1920; x_wconf 71' lang='lat' dir='ltr'><strong>anyueta</strong></span> <span class='ocrx_word' id='word_1_199' title='bbox 1105 1870 1171 1908; x_wconf 84' lang='lat' dir='ltr'><strong>vix</strong></span> <span class='ocrx_word' id='word_1_200' title='bbox 1200 1876 1302 1908; x_wconf 70' lang='lat' dir='ltr'><strong>totus</strong></span> <span class='ocrx_word' id='word_1_201' title='bbox 1331 1868 1460 1908; x_wconf 72' lang='lat' dir='ltr'><strong>stabat</strong></span> <span class='ocrx_word' id='word_1_202' title='bbox 1487 1870 1531 1908; x_wconf 81' lang='lat' dir='ltr'><strong>in</strong></span> <span class='ocrx_word' id='word_1_203' title='bbox 1560 1870 1664 1914; x_wconf 83' lang='lat' dir='ltr'><strong>aede,</strong></span> 
     </span>
     <span class='ocr_line' id='line_1_27' title="bbox 764 1939 1633 1993; baseline 0.001 -15"><span class='ocrx_word' id='word_1_204' title='bbox 764 1939 889 1993; x_wconf 79' lang='lat' dir='ltr'><strong>Inque</strong></span> <span class='ocrx_word' id='word_1_205' title='bbox 919 1939 1024 1979; x_wconf 69' lang='lat' dir='ltr'><strong>Iovis</strong></span> <span class='ocrx_word' id='word_1_206' title='bbox 1055 1941 1192 1979; x_wconf 66' lang='lat' dir='ltr'><strong>dextra</strong></span> <span class='ocrx_word' id='word_1_207' title='bbox 1209 1940 1333 1991; x_wconf 76' lang='lat' dir='ltr'><strong>fictile</strong></span> <span class='ocrx_word' id='word_1_208' title='bbox 1350 1940 1508 1992; x_wconf 84' lang='lat' dir='ltr'><strong>fulmen</strong></span> <span class='ocrx_word' id='word_1_209' title='bbox 1539 1947 1633 1979; x_wconf 79' lang='lat' dir='ltr'><strong>erat.</strong></span> 
     </span>
     <span class='ocr_line' id='line_1_28' title="bbox 700 2012 1839 2065; baseline -0.001 -14"><span class='ocrx_word' id='word_1_210' title='bbox 700 2013 925 2052; x_wconf 77' lang='lat' dir='ltr'><strong>Frondibus</strong></span> <span class='ocrx_word' id='word_1_211' title='bbox 956 2012 1150 2052; x_wconf 80' lang='lat' dir='ltr'><strong>ornabant</strong></span> <span class='ocrx_word' id='word_1_212' title='bbox 1180 2027 1279 2064; x_wconf 82' lang='lat' dir='ltr'><strong>quae</strong></span> <span class='ocrx_word' id='word_1_213' title='bbox 1307 2027 1411 2051; x_wconf 81' lang='lat' dir='ltr'><strong>nunc</strong></span> <span class='ocrx_word' id='word_1_214' title='bbox 1440 2012 1636 2065; x_wconf 80' lang='lat' dir='ltr'><strong>Capitolia</strong></span> <span class='ocrx_word' id='word_1_215' title='bbox 1664 2014 1839 2065; x_wconf 57' lang='lat' dir='ltr'><strong>yemmzs,</strong></span> 
     </span>
     <span class='ocr_line' id='line_1_29' title="bbox 765 2085 1574 2138; baseline 0.001 -14"><span class='ocrx_word' id='word_1_216' title='bbox 765 2085 1032 2138; x_wconf 70' lang='lat' dir='ltr'><strong>Pascehatque</strong></span> <span class='ocrx_word' id='word_1_217' title='bbox 1059 2099 1150 2124; x_wconf 70' lang='lat' dir='ltr'><strong>suas</strong></span> <span class='ocrx_word' id='word_1_218' title='bbox 1180 2087 1263 2138; x_wconf 79' lang='lat' dir='ltr'><strong>ipse</strong></span> <span class='ocrx_word' id='word_1_219' title='bbox 1291 2093 1448 2125; x_wconf 73' lang='lat' dir='ltr'><strong>senator</strong></span> <span class='ocrx_word' id='word_1_220' title='bbox 1476 2099 1574 2125; x_wconf 73' lang='lat' dir='ltr'><strong>oves.</strong></span> 
     </span>
     <span class='ocr_line' id='line_1_30' title="bbox 562 2157 1797 2211; baseline -0.001 -13"><span class='ocrx_word' id='word_1_221' title='bbox 562 2158 642 2198; x_wconf 77' lang='lat'><strong>205</strong></span> <span class='ocrx_word' id='word_1_222' title='bbox 699 2159 784 2198; x_wconf 90' lang='lat' dir='ltr'><strong>Nec</strong></span> <span class='ocrx_word' id='word_1_223' title='bbox 814 2158 940 2211; x_wconf 89' lang='lat' dir='ltr'><strong>pudor</strong></span> <span class='ocrx_word' id='word_1_224' title='bbox 968 2158 1008 2197; x_wconf 92' lang='lat' dir='ltr'><strong>in</strong></span> <span class='ocrx_word' id='word_1_225' title='bbox 1042 2158 1188 2211; x_wconf 85' lang='lat' dir='ltr'><strong>stipula</strong></span> <span class='ocrx_word' id='word_1_226' title='bbox 1216 2158 1414 2211; x_wconf 86' lang='lat' dir='ltr'><strong>placidam</strong></span> <span class='ocrx_word' id='word_1_227' title='bbox 1444 2158 1597 2210; x_wconf 87' lang='lat' dir='ltr'><strong>cepisse</strong></span> <span class='ocrx_word' id='word_1_228' title='bbox 1627 2157 1797 2210; x_wconf 88' lang='lat' dir='ltr'><strong>quietem</strong></span> 
     </span>
     <span class='ocr_line' id='line_1_31' title="bbox 766 2229 1565 2283; baseline 0 -14"><span class='ocrx_word' id='word_1_229' title='bbox 766 2229 819 2270; x_wconf 87' lang='lat' dir='ltr'><strong>Et</strong></span> <span class='ocrx_word' id='word_1_230' title='bbox 847 2229 1005 2270; x_wconf 84' lang='lat' dir='ltr'><strong>faenum</strong></span> <span class='ocrx_word' id='word_1_231' title='bbox 1040 2230 1161 2283; x_wconf 85' lang='lat' dir='ltr'><strong>capiti</strong></span> <span class='ocrx_word' id='word_1_232' title='bbox 1192 2231 1450 2283; x_wconf 87' lang='lat' dir='ltr'><strong>supposuisse</strong></span> <span class='ocrx_word' id='word_1_233' title='bbox 1479 2229 1565 2269; x_wconf 85' lang='lat' dir='ltr'><strong>fuit.</strong></span> 
     </span>
     <span class='ocr_line' id='line_1_32' title="bbox 702 2302 1797 2355; baseline -0.001 -15"><span class='ocrx_word' id='word_1_234' title='bbox 702 2302 799 2341; x_wconf 86' lang='lat' dir='ltr'><strong>Iura</strong></span> <span class='ocrx_word' id='word_1_235' title='bbox 827 2302 947 2341; x_wconf 82' lang='lat' dir='ltr'><strong>dabat</strong></span> <span class='ocrx_word' id='word_1_236' title='bbox 970 2303 1134 2355; x_wconf 71' lang='lat' dir='ltr'><strong>populis</strong></span> <span class='ocrx_word' id='word_1_237' title='bbox 1157 2305 1290 2355; x_wconf 71' lang='lat' dir='ltr'><strong>posito</strong></span> <span class='ocrx_word' id='word_1_238' title='bbox 1319 2304 1434 2341; x_wconf 84' lang='lat' dir='ltr'><strong>modo</strong></span> <span class='ocrx_word' id='word_1_239' title='bbox 1458 2311 1622 2355; x_wconf 77' lang='lat' dir='ltr'><strong>praecor</strong></span> <span class='ocrx_word' id='word_1_240' title='bbox 1651 2310 1797 2350; x_wconf 79' lang='lat' dir='ltr'><strong>aratro,</strong></span> 
     </span>
     <span class='ocr_line' id='line_1_33' title="bbox 766 2374 1651 2427; baseline -0.001 -14"><span class='ocrx_word' id='word_1_241' title='bbox 766 2374 819 2413; x_wconf 74' lang='lat' dir='ltr'><strong>Et</strong></span> <span class='ocrx_word' id='word_1_242' title='bbox 849 2374 941 2413; x_wconf 72' lang='lat' dir='ltr'><strong>levis</strong></span> <span class='ocrx_word' id='word_1_243' title='bbox 972 2382 1132 2427; x_wconf 72' lang='lat' dir='ltr'><strong>arqento</strong></span> <span class='ocrx_word' id='word_1_244' title='bbox 1165 2375 1353 2413; x_wconf 80' lang='lat' dir='ltr'><strong>lammina</strong></span> <span class='ocrx_word' id='word_1_245' title='bbox 1384 2376 1528 2414; x_wconf 80' lang='lat' dir='ltr'><strong>crimen</strong></span> <span class='ocrx_word' id='word_1_246' title='bbox 1557 2381 1651 2413; x_wconf 78' lang='lat' dir='ltr'><strong>erat.</strong></span> 
     </span>
     <span class='ocr_line' id='line_1_34' title="bbox 701 2445 1753 2499; baseline -0.002 -14"><span class='ocrx_word' id='word_1_247' title='bbox 701 2447 756 2485; x_wconf 79' lang='lat' dir='ltr'><strong>At</strong></span> <span class='ocrx_word' id='word_1_248' title='bbox 782 2454 992 2499; x_wconf 74' lang='lat' dir='ltr'><strong>postquam</strong></span> <span class='ocrx_word' id='word_1_249' title='bbox 1010 2446 1185 2498; x_wconf 79' lang='lat' dir='ltr'><strong>fortuna</strong></span> <span class='ocrx_word' id='word_1_250' title='bbox 1214 2446 1292 2486; x_wconf 82' lang='lat' dir='ltr'><strong>loci</strong></span> <span class='ocrx_word' id='word_1_251' title='bbox 1319 2454 1437 2499; x_wconf 80' lang='lat' dir='ltr'><strong>caput</strong></span> <span class='ocrx_word' id='word_1_252' title='bbox 1465 2446 1601 2485; x_wconf 67' lang='lat' dir='ltr'><strong>eaetulit</strong></span> <span class='ocrx_word' id='word_1_253' title='bbox 1628 2445 1753 2494; x_wconf 75' lang='lat' dir='ltr'><strong>huius,</strong></span> 
     </span>
     <span class='ocr_line' id='line_1_35' title="bbox 564 2519 1602 2573; baseline -0.002 -15"><span class='ocrx_word' id='word_1_254' title='bbox 564 2519 645 2559; x_wconf 82' lang='lat'><strong>210</strong></span> <span class='ocrx_word' id='word_1_255' title='bbox 767 2519 819 2559; x_wconf 77' lang='grc' dir='ltr'><strong>Εε</strong></span> <span class='ocrx_word' id='word_1_256' title='bbox 849 2521 972 2573; x_wconf 70' lang='lat' dir='ltr'><strong>tetiyit</strong></span> <span class='ocrx_word' id='word_1_257' title='bbox 999 2533 1147 2559; x_wconf 69' lang='lat' dir='ltr'><strong>suntmo</strong></span> <span class='ocrx_word' id='word_1_258' title='bbox 1177 2521 1316 2559; x_wconf 79' lang='lat' dir='ltr'><strong>vertice</strong></span> <span class='ocrx_word' id='word_1_259' title='bbox 1349 2520 1473 2558; x_wconf 83' lang='lat' dir='ltr'><strong>Roma</strong></span> <span class='ocrx_word' id='word_1_260' title='bbox 1502 2519 1602 2568; x_wconf 74' lang='lat' dir='ltr'><strong>deos,</strong></span> 
     </span>
     <span class='ocr_line' id='line_1_36' title="bbox 702 2591 1673 2645; baseline -0.003 -14"><span class='ocrx_word' id='word_1_261' title='bbox 702 2591 910 2631; x_wconf 67' lang='lat' dir='ltr'><strong>Cret-erum</strong></span> <span class='ocrx_word' id='word_1_262' title='bbox 938 2600 974 2631; x_wconf 78' lang='lat' dir='ltr'><strong>et</strong></span> <span class='ocrx_word' id='word_1_263' title='bbox 1002 2606 1093 2645; x_wconf 73' lang='lat' dir='ltr'><strong>opes</strong></span> <span class='ocrx_word' id='word_1_264' title='bbox 1122 2600 1158 2632; x_wconf 80' lang='lat' dir='ltr'><strong>et</strong></span> <span class='ocrx_word' id='word_1_265' title='bbox 1187 2606 1306 2645; x_wconf 88' lang='lat' dir='ltr'><strong>opum</strong></span> <span class='ocrx_word' id='word_1_266' title='bbox 1323 2592 1488 2643; x_wconf 72' lang='lat' dir='ltr'><strong>furiosa</strong></span> <span class='ocrx_word' id='word_1_267' title='bbox 1519 2591 1673 2643; x_wconf 84' lang='lat' dir='ltr'><strong>cupido.</strong></span> 
     </span>
     <span class='ocr_line' id='line_1_37' title="bbox 241 2660 2215 2717; baseline 0.001 -18"><span class='ocrx_word' id='word_1_268' title='bbox 241 2660 452 2701; x_wconf 87' lang='lat' dir='ltr'><strong>Distichon</strong></span> <span class='ocrx_word' id='word_1_269' title='bbox 488 2662 592 2715; x_wconf 92' lang='lat' dir='ltr'><strong>quod</strong></span> <span class='ocrx_word' id='word_1_270' title='bbox 629 2663 801 2703; x_wconf 83' lang='lat' dir='ltr'><strong>diximus</strong></span> <span class='ocrx_word' id='word_1_271' title='bbox 837 2663 978 2703; x_wconf 88' lang='lat' dir='ltr'><strong>Petrus</strong></span> <span class='ocrx_word' id='word_1_272' title='bbox 1008 2665 1048 2703; x_wconf 90' lang='lat' dir='ltr'><strong>in</strong></span> <span class='ocrx_word' id='word_1_273' title='bbox 1082 2664 1273 2717; x_wconf 87' lang='lat' dir='ltr'><strong>Epistola</strong></span> <span class='ocrx_word' id='word_1_274' title='bbox 1303 2664 1441 2703; x_wconf 88' lang='lat' dir='ltr'><strong>critica</strong></span> <span class='ocrx_word' id='word_1_275' title='bbox 1469 2677 1493 2702; x_wconf 88' lang='lat' dir='ltr'><strong>a</strong></span> <span class='ocrx_word' id='word_1_276' title='bbox 1537 2662 1643 2702; x_wconf 82' lang='lat'>1874</span> <span class='ocrx_word' id='word_1_277' title='bbox 1672 2661 1722 2701; x_wconf 85' lang='lat' dir='ltr'><strong>ad</strong></span> <span class='ocrx_word' id='word_1_278' title='bbox 1752 2661 1964 2713; x_wconf 81' lang='lat' dir='ltr'><strong>Hugonem</strong></span> <span class='ocrx_word' id='word_1_279' title='bbox 1999 2661 2215 2713; x_wconf 86' lang='lat' dir='ltr'><strong>Ilbergium</strong></span> 
     </span>
     <span class='ocr_line' id='line_1_38' title="bbox 242 2732 2216 2789; baseline 0.001 -18"><span class='ocrx_word' id='word_1_280' title='bbox 242 2733 364 2772; x_wconf 90' lang='lat' dir='ltr'><strong>missa</strong></span> <span class='ocrx_word' id='word_1_281' title='bbox 384 2733 528 2774; x_wconf 82' lang='lat' dir='ltr'><strong>nothae</strong></span> <span class='ocrx_word' id='word_1_282' title='bbox 549 2735 714 2788; x_wconf 88' lang='lat' dir='ltr'><strong>originis</strong></span> <span class='ocrx_word' id='word_1_283' title='bbox 737 2736 925 2788; x_wconf 87' lang='lat' dir='ltr'><strong>coarguit.</strong></span> <span class='ocrx_word' id='word_1_284' title='bbox 966 2734 1042 2776; x_wconf 87' lang='lat' dir='ltr'><strong>Cui</strong></span> <span class='ocrx_word' id='word_1_285' title='bbox 1071 2737 1315 2789; x_wconf 86' lang='lat' dir='ltr'><strong>repugnavit</strong></span> <span class='ocrx_word' id='word_1_286' title='bbox 1333 2735 1399 2775; x_wconf 93' lang='lat' dir='ltr'><strong>W.</strong></span> <span class='ocrx_word' id='word_1_287' title='bbox 1422 2734 1626 2775; x_wconf 87' lang='lat' dir='ltr'><strong>Gilbertus</strong></span> <span class='ocrx_word' id='word_1_288' title='bbox 1646 2732 1704 2784; x_wconf 89' lang='lat' dir='ltr'><strong>(in</strong></span> <span class='ocrx_word' id='word_1_289' title='bbox 1726 2733 1976 2773; x_wconf 87' lang='lat' dir='ltr'><strong>Fleckeiseni</strong></span> <span class='ocrx_word' id='word_1_290' title='bbox 2005 2734 2216 2773; x_wconf 88' lang='lat' dir='ltr'><strong>annalibus</strong></span> 
     </span>
     <span class='ocr_line' id='line_1_39' title="bbox 241 2805 2218 2858; baseline 0.001 -15"><span class='ocrx_word' id='word_1_291' title='bbox 241 2819 275 2843; x_wconf 87' lang='lat' dir='ltr'><strong>a.</strong></span> <span class='ocrx_word' id='word_1_292' title='bbox 301 2805 406 2845; x_wconf 83' lang='lat'>1878</span> <span class='ocrx_word' id='word_1_293' title='bbox 436 2820 472 2858; x_wconf 87' lang='lat' dir='ltr'><strong>p.</strong></span> <span class='ocrx_word' id='word_1_294' title='bbox 494 2805 590 2857; x_wconf 78' lang='lat'><strong>771)</strong></span> <span class='ocrx_word' id='word_1_295' title='bbox 609 2808 788 2848; x_wconf 78' lang='lat' dir='ltr'><strong>versibus</strong></span> <span class='ocrx_word' id='word_1_296' title='bbox 806 2808 952 2848; x_wconf 90' lang='lat' dir='ltr'><strong>Ovidio</strong></span> <span class='ocrx_word' id='word_1_297' title='bbox 975 2808 1201 2848; x_wconf 76' lang='lat' dir='ltr'><strong>vindicatis.</strong></span> <span class='ocrx_word' id='word_1_298' title='bbox 1261 2807 1339 2847; x_wconf 76' lang='lat' dir='ltr'><strong>Sed</strong></span> <span class='ocrx_word' id='word_1_299' title='bbox 1357 2807 1499 2846; x_wconf 84' lang='lat' dir='ltr'><strong>Petrus</strong></span> <span class='ocrx_word' id='word_1_300' title='bbox 1521 2806 1788 2858; x_wconf 87' lang='lat' dir='ltr'><strong>duplicatione</strong></span> <span class='ocrx_word' id='word_1_301' title='bbox 1805 2820 1899 2845; x_wconf 85' lang='lat' dir='ltr'><strong>usus</strong></span> <span class='ocrx_word' id='word_1_302' title='bbox 1916 2820 2027 2845; x_wconf 84' lang='lat' dir='ltr'><strong>suam</strong></span> <span class='ocrx_word' id='word_1_303' title='bbox 2045 2806 2218 2845; x_wconf 88' lang='lat' dir='ltr'><strong>obtinuit</strong></span> 
     </span>
     <span class='ocr_line' id='line_1_40' title="bbox 241 2876 2217 2931; baseline 0.001 -17"><span class='ocrx_word' id='word_1_304' title='bbox 241 2876 466 2928; x_wconf 87' lang='lat' dir='ltr'><strong>opinionem</strong></span> <span class='ocrx_word' id='word_1_305' title='bbox 490 2892 617 2931; x_wconf 89' lang='lat' dir='ltr'><strong>neque</strong></span> <span class='ocrx_word' id='word_1_306' title='bbox 639 2879 793 2919; x_wconf 86' lang='lat' dir='ltr'><strong>destitit</strong></span> <span class='ocrx_word' id='word_1_307' title='bbox 814 2893 951 2919; x_wconf 90' lang='lat' dir='ltr'><strong>versus</strong></span> <span class='ocrx_word' id='word_1_308' title='bbox 974 2880 1184 2918; x_wconf 67' lang='lat' dir='ltr'><strong>uncina&#39;tos</strong></span> <span class='ocrx_word' id='word_1_309' title='bbox 1206 2879 1299 2917; x_wconf 90' lang='lat' dir='ltr'><strong>dare</strong></span> <span class='ocrx_word' id='word_1_310' title='bbox 1320 2879 1478 2916; x_wconf 88' lang='lat' dir='ltr'><strong>tertium</strong></span> <span class='ocrx_word' id='word_1_311' title='bbox 1499 2878 1631 2916; x_wconf 86' lang='lat' dir='ltr'><strong>Fastis</strong></span> <span class='ocrx_word' id='word_1_312' title='bbox 1653 2877 1783 2916; x_wconf 86' lang='lat' dir='ltr'><strong>editis.</strong></span> <span class='ocrx_word' id='word_1_313' title='bbox 1815 2877 1910 2916; x_wconf 86' lang='lat' dir='ltr'><strong>Fuit</strong></span> <span class='ocrx_word' id='word_1_314' title='bbox 1930 2878 1995 2929; x_wconf 91' lang='lat' dir='ltr'><strong>qui</strong></span> <span class='ocrx_word' id='word_1_315' title='bbox 2017 2877 2217 2916; x_wconf 87' lang='lat' dir='ltr'><strong>distichon</strong></span> 
     </span>
     <span class='ocr_line' id='line_1_41' title="bbox 241 2949 2217 3001; baseline -0.001 -14"><span class='ocrx_word' id='word_1_316' title='bbox 241 2963 319 2987; x_wconf 88' lang='lat' dir='ltr'><strong>non</strong></span> <span class='ocrx_word' id='word_1_317' title='bbox 351 2950 631 3001; x_wconf 84' lang='lat' dir='ltr'><strong>expellendum</strong></span> <span class='ocrx_word' id='word_1_318' title='bbox 661 2951 729 2990; x_wconf 91' lang='lat' dir='ltr'><strong>sed</strong></span> <span class='ocrx_word' id='word_1_319' title='bbox 761 2951 1037 2991; x_wconf 86' lang='lat' dir='ltr'><strong>traiiciendum</strong></span> <span class='ocrx_word' id='word_1_320' title='bbox 1060 2958 1169 2991; x_wconf 83' lang='lat' dir='ltr'><strong>ratus</strong></span> <span class='ocrx_word' id='word_1_321' title='bbox 1192 2965 1348 2990; x_wconf 85' lang='lat' dir='ltr'><strong>versum</strong></span> <span class='ocrx_word' id='word_1_322' title='bbox 1371 2951 1451 2990; x_wconf 79' lang='lat'><strong>200</strong></span> <span class='ocrx_word' id='word_1_323' title='bbox 1471 2950 1655 3001; x_wconf 84' lang='lat' dir='ltr'><strong>excipere</strong></span> <span class='ocrx_word' id='word_1_324' title='bbox 1675 2950 1841 2989; x_wconf 79' lang='lat' dir='ltr'><strong>iuberet.</strong></span> <span class='ocrx_word' id='word_1_325' title='bbox 1886 2949 1932 2989; x_wconf 94' lang='lat' dir='ltr'><strong>In</strong></span> <span class='ocrx_word' id='word_1_326' title='bbox 1966 2964 2045 3001; x_wconf 85' lang='lat' dir='ltr'><strong>qua</strong></span> <span class='ocrx_word' id='word_1_327' title='bbox 2065 2949 2217 3001; x_wconf 83' lang='lat' dir='ltr'><strong>discep-</strong></span> 
     </span>
     <span class='ocr_line' id='line_1_42' title="bbox 241 3020 2216 3075; baseline -0.001 -15"><span class='ocrx_word' id='word_1_328' title='bbox 241 3020 362 3061; x_wconf 86' lang='lat' dir='ltr'><strong>tanda</strong></span> <span class='ocrx_word' id='word_1_329' title='bbox 397 3023 668 3062; x_wconf 88' lang='lat' dir='ltr'><strong>controversia</strong></span> <span class='ocrx_word' id='word_1_330' title='bbox 702 3022 777 3062; x_wconf 88' lang='lat' dir='ltr'><strong>hoc</strong></span> <span class='ocrx_word' id='word_1_331' title='bbox 812 3023 983 3075; x_wconf 89' lang='lat' dir='ltr'><strong>primum</strong></span> <span class='ocrx_word' id='word_1_332' title='bbox 1019 3030 1080 3063; x_wconf 87' lang='lat' dir='ltr'><strong>est</strong></span> <span class='ocrx_word' id='word_1_333' title='bbox 1118 3029 1160 3062; x_wconf 90' lang='lat' dir='ltr'><strong>ut</strong></span> <span class='ocrx_word' id='word_1_334' title='bbox 1195 3021 1392 3062; x_wconf 85' lang='lat' dir='ltr'><strong>distichon</strong></span> <span class='ocrx_word' id='word_1_335' title='bbox 1429 3022 1561 3074; x_wconf 89' lang='lat' dir='ltr'><strong>ipsum</strong></span> <span class='ocrx_word' id='word_1_336' title='bbox 1595 3022 1645 3061; x_wconf 87' lang='lat' dir='ltr'><strong>ab</strong></span> <span class='ocrx_word' id='word_1_337' title='bbox 1676 3021 1783 3060; x_wconf 90' lang='lat' dir='ltr'><strong>omni</strong></span> <span class='ocrx_word' id='word_1_338' title='bbox 1816 3028 1927 3073; x_wconf 84' lang='lat' dir='ltr'><strong>parte</strong></span> <span class='ocrx_word' id='word_1_339' title='bbox 1957 3021 2216 3060; x_wconf 87' lang='lat' dir='ltr'><strong>excutiamus.</strong></span> 
     </span>
    </p>
   </div>
  </div>
 </body>
</html>
