2466 3370
1218 59 1272 97 24

575 169 656 208 203
713 167 940 208 Fraudibus:
969 167 1162 208 ornabant
1190 180 1290 219 quae
1318 181 1422 207 nunc
1451 166 1648 220 Capitolia
1673 168 1836 220 yemmie

576 240 656 280 208
781 239 835 280 Et
863 240 957 280 levio
986 240 1140 293 arqenti
1168 239 1354 279 lammina
1385 240 1531 278 crimen
1560 245 1666 286 erat,-

575 311 653 351 207
715 310 813 350 Iura
842 312 962 351 dabat
984 311 1148 364 populis
1175 312 1303 363 posito
1332 311 1447 350 modo
1472 317 1639 363 praetor
1668 318 1802 349 aratro

575 382 656 421 204
779 383 1049 436 Pascebatque
1077 396 1169 421 suae
1198 384 1283 435 ipse
1311 390 1468 421 senator
1497 396 1604 422 oves:

577 455 658 494 205
728 455 813 495 Nec
839 457 972 508 pudor
998 457 1041 494 in
1070 455 1217 507 stipula
1245 455 1449 508 placidam
1479 456 1625 508 cepisse
1654 456 1817 507 quietem

781 528 834 568 Et
851 528 1022 580 faenum
1050 528 1175 581 capiti
1198 528 1450 580 supposuisse
1467 527 1567 579 fuit.

578 599 658 639 209
727 600 783 639 At
806 608 1019 654 postquam
1037 600 1209 652 fortuna
1239 600 1316 639 loci
1343 607 1463 653 caput
1490 600 1627 639 extulit
1655 600 1770 639 huius
1801 623 1852 630 -—

248 670 309 709 De
349 671 503 722 origine
545 672 633 711 vitii
674 673 774 711 nihil
817 673 1003 713 dicimus:
1049 673 1091 711 in
1129 687 1208 725 qua
1241 687 1283 711 re
1319 679 1484 725 apparet
1517 672 1663 711 bonam
1698 677 1851 725 partem
1887 671 1996 711 casui
2032 676 2071 710 et
2106 669 2230 710 errori

218 743 387 793 .tribui,
426 757 505 796 quo
541 750 678 784 notum
716 750 777 785 est
810 743 850 785 in
882 743 1093 786 Fastorum
1129 743 1242 785 libris
1279 757 1397 798 saepe
1432 743 1552 784 etiam
1589 743 1767 795 singulos
1802 756 1942 783 versus
1978 742 2230 782 intercidisse

247 812 315 866 (cf.
336 829 374 868 p.
395 813 475 866 18).
523 813 614 865 Quo
643 816 758 856 initio
789 817 823 857 si
854 830 993 858 versus
1023 818 1192 857 omissus
1223 818 1264 855 in
1295 818 1472 870 margine
1502 830 1581 855 non
1613 830 1684 854 suo
1715 816 1802 854 loco
1831 816 2030 868 repositus
2060 822 2156 864 erat,
2187 816 2228 852 in

247 887 322 927 hac
357 888 586 928 necessaria
615 887 892 928 vicissitudine
922 897 1136 929 metrorum
1165 889 1319 942 reliqua
1347 889 1464 928 facile
1494 889 1774 941 sequebantur.
1819 888 1866 927 In
1897 887 2227 940 interpunctione,

247 973 349 1011 quae
379 960 498 1011 vulgo
528 960 569 998 in
600 959 663 999 his
694 961 878 1000 versibus
909 975 1049 1013 parum
1079 968 1171 1013 apta
1200 968 1270 1011 est,
1303 961 1407 1012 quod
1437 961 1686 1010 novavimus,
1718 960 1928 1000 videbatur
1957 960 2044 1012 ipsa
2073 965 2228 999 senten-

247 1032 392 1072 tiarum
423 1032 576 1072 ratione
606 1038 646 1071 et
674 1032 861 1073 iunctura
890 1034 1000 1086 posci
1032 1048 1077 1074 ac
1107 1033 1278 1087 probari.

447 1120 532 1162 Ser.
555 1138 606 1162 m.
628 1123 760 1175 Aprili
791 1138 826 1163 a.
849 1122 1326 1165 MDCCCLXXXXIII.
