<?xml version="1.0" encoding="UTF-8"?>
<!DOCTYPE html PUBLIC "-//W3C//DTD XHTML 1.0 Transitional//EN"
    "http://www.w3.org/TR/xhtml1/DTD/xhtml1-transitional.dtd">
<html xmlns="http://www.w3.org/1999/xhtml" xml:lang="en" lang="en">
 <head>
  <title>
</title>
<meta http-equiv="Content-Type" content="text/html;charset=utf-8" />
  <meta name='ocr-system' content='tesseract 3.04.00' />
  <meta name='ocr-capabilities' content='ocr_page ocr_carea ocr_par ocr_line ocrx_word'/>
</head>
<body>
  <div class='ocr_page' id='page_1' title='image "4769575_0017.png"; bbox 0 0 2466 3370; ppageno 0'>
   <div class='ocr_carea' id='block_1_1' title="bbox 1178 93 1225 131">
    <p class='ocr_par' dir='ltr' id='par_1_1' title="bbox 1178 93 1225 131">
     <span class='ocr_line' id='line_1_1' title="bbox 1178 93 1225 131; baseline 0 0"><span class='ocrx_word' id='word_1_1' title='bbox 1178 93 1225 131; x_wconf 97' lang='grc'><strong>11</strong></span> 
     </span>
    </p>
   </div>
   <div class='ocr_carea' id='block_1_2' title="bbox 196 199 2190 2914">
    <p class='ocr_par' dir='ltr' id='par_1_2' title="bbox 198 199 2190 2771">
     <span class='ocr_line' id='line_1_2' title="bbox 215 199 2189 255; baseline 0 -13"><span class='ocrx_word' id='word_1_2' title='bbox 215 202 396 255; x_wconf 84' lang='lat' dir='ltr'><strong>potuerit.</strong></span> <span class='ocrx_word' id='word_1_3' title='bbox 456 199 535 241; x_wconf 87' lang='lat' dir='ltr'><strong>Sed</strong></span> <span class='ocrx_word' id='word_1_4' title='bbox 568 200 665 240; x_wconf 89' lang='lat' dir='ltr'><strong>haec</strong></span> <span class='ocrx_word' id='word_1_5' title='bbox 695 207 734 239; x_wconf 89' lang='lat' dir='ltr'><strong>et</strong></span> <span class='ocrx_word' id='word_1_6' title='bbox 764 200 843 240; x_wconf 86' lang='lat' dir='ltr'><strong>alia</strong></span> <span class='ocrx_word' id='word_1_7' title='bbox 871 201 1241 253; x_wconf 80' lang='lat' dir='ltr'><strong>praetermittimus:</strong></span> <span class='ocrx_word' id='word_1_8' title='bbox 1273 201 1372 240; x_wconf 90' lang='lat' dir='ltr'><strong>illud</strong></span> <span class='ocrx_word' id='word_1_9' title='bbox 1402 216 1524 240; x_wconf 92' lang='lat' dir='ltr'><strong>unum</strong></span> <span class='ocrx_word' id='word_1_10' title='bbox 1554 202 1707 252; x_wconf 84' lang='lat' dir='ltr'><strong>agimus</strong></span> <span class='ocrx_word' id='word_1_11' title='bbox 1738 209 1781 240; x_wconf 90' lang='lat' dir='ltr'><strong>ut</strong></span> <span class='ocrx_word' id='word_1_12' title='bbox 1811 216 1912 254; x_wconf 87' lang='lat' dir='ltr'><strong>quae</strong></span> <span class='ocrx_word' id='word_1_13' title='bbox 1940 202 2109 242; x_wconf 85' lang='lat' dir='ltr'><strong>Ovidius</strong></span> <span class='ocrx_word' id='word_1_14' title='bbox 2141 204 2189 242; x_wconf 89' lang='lat' dir='ltr'><strong>de</strong></span> 
     </span>
     <span class='ocr_line' id='line_1_3' title="bbox 213 272 2190 327; baseline -0.001 -12"><span class='ocrx_word' id='word_1_15' title='bbox 213 276 279 315; x_wconf 86' lang='lat' dir='ltr'><strong>via</strong></span> <span class='ocrx_word' id='word_1_16' title='bbox 311 274 431 314; x_wconf 81' lang='lat' dir='ltr'><strong>refert</strong></span> <span class='ocrx_word' id='word_1_17' title='bbox 459 287 578 327; x_wconf 87' lang='lat' dir='ltr'><strong>quam</strong></span> <span class='ocrx_word' id='word_1_18' title='bbox 607 272 723 311; x_wconf 85' lang='lat' dir='ltr'><strong>Fabii</strong></span> <span class='ocrx_word' id='word_1_19' title='bbox 753 273 922 324; x_wconf 87' lang='lat' dir='ltr'><strong>ingressi</strong></span> <span class='ocrx_word' id='word_1_20' title='bbox 952 274 1050 324; x_wconf 90' lang='lat' dir='ltr'><strong>sint,</strong></span> <span class='ocrx_word' id='word_1_21' title='bbox 1087 275 1118 313; x_wconf 90' lang='lat' dir='ltr'><strong>si</strong></span> <span class='ocrx_word' id='word_1_22' title='bbox 1150 274 1236 313; x_wconf 89' lang='lat' dir='ltr'><strong>fieri</strong></span> <span class='ocrx_word' id='word_1_23' title='bbox 1266 274 1410 326; x_wconf 85' lang='lat' dir='ltr'><strong>possit,</strong></span> <span class='ocrx_word' id='word_1_24' title='bbox 1447 273 1594 313; x_wconf 87' lang='lat' dir='ltr'><strong>rectius</strong></span> <span class='ocrx_word' id='word_1_25' title='bbox 1625 275 1928 314; x_wconf 84' lang='lat' dir='ltr'><strong>constituantur.</strong></span> <span class='ocrx_word' id='word_1_26' title='bbox 1974 273 2055 323; x_wconf 83' lang='lat' dir='ltr'><strong>Qui</strong></span> <span class='ocrx_word' id='word_1_27' title='bbox 2085 275 2190 327; x_wconf 93' lang='lat' dir='ltr'><strong>quod</strong></span> 
     </span>
     <span class='ocr_line' id='line_1_4' title="bbox 213 345 2186 399; baseline 0 -13"><span class='ocrx_word' id='word_1_28' title='bbox 213 348 269 386; x_wconf 89' lang='lat' dir='ltr'><strong>ita</strong></span> <span class='ocrx_word' id='word_1_29' title='bbox 297 346 437 387; x_wconf 87' lang='lat' dir='ltr'><strong>scribit</strong></span> <span class='ocrx_word' id='word_1_30' title='bbox 466 345 681 385; x_wconf 68' lang='lat' dir='ltr'><strong>Carmentis</strong></span> <span class='ocrx_word' id='word_1_31' title='bbox 708 353 848 397; x_wconf 83' lang='lat' dir='ltr'><strong>portae</strong></span> <span class='ocrx_word' id='word_1_32' title='bbox 875 346 1010 385; x_wconf 76' lang='lat' dir='ltr'><strong>dextro</strong></span> <span class='ocrx_word' id='word_1_33' title='bbox 1046 354 1101 385; x_wconf 75' lang='lat' dir='ltr'><strong>eet</strong></span> <span class='ocrx_word' id='word_1_34' title='bbox 1128 347 1194 385; x_wconf 89' lang='lat' dir='ltr'><strong>via</strong></span> <span class='ocrx_word' id='word_1_35' title='bbox 1217 347 1407 399; x_wconf 73' lang='lat' dir='ltr'><strong>proxima</strong></span> <span class='ocrx_word' id='word_1_36' title='bbox 1436 348 1546 397; x_wconf 85' lang='lat' dir='ltr'><strong>iano,</strong></span> <span class='ocrx_word' id='word_1_37' title='bbox 1584 346 1633 385; x_wconf 90' lang='lat' dir='ltr'><strong>iis</strong></span> <span class='ocrx_word' id='word_1_38' title='bbox 1663 346 1962 386; x_wconf 87' lang='lat' dir='ltr'><strong>assentiendum</strong></span> <span class='ocrx_word' id='word_1_39' title='bbox 1993 346 2186 397; x_wconf 90' lang='lat' dir='ltr'><strong>ducimus,</strong></span> 
     </span>
     <span class='ocr_line' id='line_1_5' title="bbox 213 416 2187 473; baseline -0.001 -14"><span class='ocrx_word' id='word_1_40' title='bbox 213 420 281 473; x_wconf 89' lang='lat' dir='ltr'><strong>qui</strong></span> <span class='ocrx_word' id='word_1_41' title='bbox 313 420 415 459; x_wconf 87' lang='lat' dir='ltr'><strong>viam</strong></span> <span class='ocrx_word' id='word_1_42' title='bbox 447 417 525 457; x_wconf 87' lang='lat' dir='ltr'><strong>dici</strong></span> <span class='ocrx_word' id='word_1_43' title='bbox 556 416 695 457; x_wconf 79' lang='lat' dir='ltr'><strong>volunt</strong></span> <span class='ocrx_word' id='word_1_44' title='bbox 725 430 825 469; x_wconf 89' lang='lat' dir='ltr'><strong>quae</strong></span> <span class='ocrx_word' id='word_1_45' title='bbox 853 416 991 457; x_wconf 80' lang='lat' dir='ltr'><strong>dextro</strong></span> <span class='ocrx_word' id='word_1_46' title='bbox 1022 417 1113 457; x_wconf 91' lang='lat' dir='ltr'><strong>iano</strong></span> <span class='ocrx_word' id='word_1_47' title='bbox 1141 418 1177 457; x_wconf 91' lang='lat' dir='ltr'><strong>h.</strong></span> <span class='ocrx_word' id='word_1_48' title='bbox 1200 432 1233 458; x_wconf 92' lang='lat' dir='ltr'><strong>e.</strong></span> <span class='ocrx_word' id='word_1_49' title='bbox 1256 417 1396 457; x_wconf 83' lang='lat' dir='ltr'><strong>dextro</strong></span> <span class='ocrx_word' id='word_1_50' title='bbox 1422 417 1572 457; x_wconf 90' lang='lat' dir='ltr'><strong>fornice</strong></span> <span class='ocrx_word' id='word_1_51' title='bbox 1602 425 1738 471; x_wconf 88' lang='lat' dir='ltr'><strong>portae</strong></span> <span class='ocrx_word' id='word_1_52' title='bbox 1760 417 2026 459; x_wconf 86' lang='lat' dir='ltr'><strong>Carmentalis</strong></span> <span class='ocrx_word' id='word_1_53' title='bbox 2057 418 2187 470; x_wconf 86' lang='lat' dir='ltr'><strong>fuerit,</strong></span> 
     </span>
     <span class='ocr_line' id='line_1_6' title="bbox 214 489 2187 544; baseline -0.001 -13"><span class='ocrx_word' id='word_1_54' title='bbox 214 491 333 544; x_wconf 89' lang='lat' dir='ltr'><strong>idque</strong></span> <span class='ocrx_word' id='word_1_55' title='bbox 362 489 514 543; x_wconf 91' lang='lat' dir='ltr'><strong>liquido</strong></span> <span class='ocrx_word' id='word_1_56' title='bbox 545 489 770 528; x_wconf 88' lang='lat' dir='ltr'><strong>confirmari</strong></span> <span class='ocrx_word' id='word_1_57' title='bbox 802 495 943 540; x_wconf 86' lang='lat' dir='ltr'><strong>putant</strong></span> <span class='ocrx_word' id='word_1_58' title='bbox 972 490 1091 528; x_wconf 88' lang='lat' dir='ltr'><strong>simili</strong></span> <span class='ocrx_word' id='word_1_59' title='bbox 1122 490 1315 529; x_wconf 89' lang='lat' dir='ltr'><strong>memoria</strong></span> <span class='ocrx_word' id='word_1_60' title='bbox 1343 489 1463 529; x_wconf 86' lang='lat' dir='ltr'><strong>Livii.</strong></span> <span class='ocrx_word' id='word_1_61' title='bbox 1508 489 1568 529; x_wconf 90' lang='lat' dir='ltr'><strong>Eo</strong></span> <span class='ocrx_word' id='word_1_62' title='bbox 1600 492 1703 529; x_wconf 84' lang='lat' dir='ltr'><strong>enim</strong></span> <span class='ocrx_word' id='word_1_63' title='bbox 1736 498 1895 530; x_wconf 83' lang='lat' dir='ltr'><strong>auctore</strong></span> <span class='ocrx_word' id='word_1_64' title='bbox 1926 489 2117 530; x_wconf 91' lang='lat' dir='ltr'><strong>Ovidium</strong></span> <span class='ocrx_word' id='word_1_65' title='bbox 2147 491 2187 530; x_wconf 93' lang='lat' dir='ltr'><strong>in</strong></span> 
     </span>
     <span class='ocr_line' id='line_1_7' title="bbox 212 559 2187 615; baseline -0.001 -12"><span class='ocrx_word' id='word_1_66' title='bbox 212 563 344 603; x_wconf 87' lang='lat' dir='ltr'><strong>Fastis</strong></span> <span class='ocrx_word' id='word_1_67' title='bbox 371 576 486 602; x_wconf 90' lang='lat' dir='ltr'><strong>usum</strong></span> <span class='ocrx_word' id='word_1_68' title='bbox 506 575 594 601; x_wconf 89' lang='lat' dir='ltr'><strong>esse</strong></span> <span class='ocrx_word' id='word_1_69' title='bbox 615 559 660 601; x_wconf 94' lang='lat' dir='ltr'><strong>C.</strong></span> <span class='ocrx_word' id='word_1_70' title='bbox 684 560 947 601; x_wconf 88' lang='lat' dir='ltr'><strong>Schenkelius</strong></span> <span class='ocrx_word' id='word_1_71' title='bbox 969 562 1025 600; x_wconf 89' lang='lat' dir='ltr'><strong>ita</strong></span> <span class='ocrx_word' id='word_1_72' title='bbox 1046 563 1229 613; x_wconf 86' lang='lat' dir='ltr'><strong>probavit</strong></span> <span class='ocrx_word' id='word_1_73' title='bbox 1258 568 1301 601; x_wconf 93' lang='lat' dir='ltr'><strong>ut</strong></span> <span class='ocrx_word' id='word_1_74' title='bbox 1321 562 1510 614; x_wconf 87' lang='lat' dir='ltr'><strong>refragari</strong></span> <span class='ocrx_word' id='word_1_75' title='bbox 1534 576 1611 600; x_wconf 91' lang='lat' dir='ltr'><strong>non</strong></span> <span class='ocrx_word' id='word_1_76' title='bbox 1643 563 1777 612; x_wconf 83' lang='lat' dir='ltr'><strong>liceat3</strong></span> <span class='ocrx_word' id='word_1_77' title='bbox 1810 577 1935 615; x_wconf 91' lang='lat' dir='ltr'><strong>neque</strong></span> <span class='ocrx_word' id='word_1_78' title='bbox 1967 571 2052 602; x_wconf 89' lang='lat' dir='ltr'><strong>erat</strong></span> <span class='ocrx_word' id='word_1_79' title='bbox 2081 562 2187 615; x_wconf 90' lang='lat' dir='ltr'><strong>quod</strong></span> 
     </span>
     <span class='ocr_line' id='line_1_8' title="bbox 211 632 2186 687; baseline -0.002 -11"><span class='ocrx_word' id='word_1_80' title='bbox 211 635 438 687; x_wconf 81' lang='lat' dir='ltr'><strong>Madvigius</strong></span> <span class='ocrx_word' id='word_1_81' title='bbox 459 634 500 673; x_wconf 85' lang='lat' dir='ltr'><strong>in</strong></span> <span class='ocrx_word' id='word_1_82' title='bbox 520 633 879 673; x_wconf 87' lang='lat' dir='ltr'><strong>Emendationibus</strong></span> <span class='ocrx_word' id='word_1_83' title='bbox 900 634 1082 673; x_wconf 88' lang='lat' dir='ltr'><strong>Livianis</strong></span> <span class='ocrx_word' id='word_1_84' title='bbox 1103 632 1181 684; x_wconf 92' lang='lat' dir='ltr'><strong>(ed.</strong></span> <span class='ocrx_word' id='word_1_85' title='bbox 1200 632 1270 684; x_wconf 93' lang='lat' dir='ltr'><strong>II.)</strong></span> <span class='ocrx_word' id='word_1_86' title='bbox 1292 648 1328 687; x_wconf 86' lang='lat' dir='ltr'><strong>p.</strong></span> <span class='ocrx_word' id='word_1_87' title='bbox 1354 634 1403 674; x_wconf 81' lang='lat'><strong>78</strong></span> <span class='ocrx_word' id='word_1_88' title='bbox 1424 649 1463 673; x_wconf 91' lang='lat' dir='ltr'><strong>n.</strong></span> <span class='ocrx_word' id='word_1_89' title='bbox 1486 649 1574 673; x_wconf 91' lang='lat' dir='ltr'><strong>cum</strong></span> <span class='ocrx_word' id='word_1_90' title='bbox 1595 634 1637 673; x_wconf 88' lang='lat' dir='ltr'><strong>in</strong></span> <span class='ocrx_word' id='word_1_91' title='bbox 1669 649 1747 673; x_wconf 89' lang='lat' dir='ltr'><strong>una</strong></span> <span class='ocrx_word' id='word_1_92' title='bbox 1776 649 1816 673; x_wconf 89' lang='lat' dir='ltr'><strong>re</strong></span> <span class='ocrx_word' id='word_1_93' title='bbox 1847 635 2023 674; x_wconf 90' lang='lat' dir='ltr'><strong>eiusdem</strong></span> <span class='ocrx_word' id='word_1_94' title='bbox 2053 650 2186 674; x_wconf 82' lang='lat' dir='ltr'><strong>narra·</strong></span> 
     </span>
     <span class='ocr_line' id='line_1_9' title="bbox 211 704 2187 757; baseline 0 -11"><span class='ocrx_word' id='word_1_95' title='bbox 211 707 331 747; x_wconf 87' lang='lat' dir='ltr'><strong>tionis</strong></span> <span class='ocrx_word' id='word_1_96' title='bbox 362 704 551 744; x_wconf 86' lang='lat' dir='ltr'><strong>Ovidium</strong></span> <span class='ocrx_word' id='word_1_97' title='bbox 582 719 671 743; x_wconf 91' lang='lat' dir='ltr'><strong>cum</strong></span> <span class='ocrx_word' id='word_1_98' title='bbox 702 705 818 744; x_wconf 90' lang='lat' dir='ltr'><strong>Livio</strong></span> <span class='ocrx_word' id='word_1_99' title='bbox 849 706 1142 757; x_wconf 86' lang='lat' dir='ltr'><strong>conspirantem</strong></span> <span class='ocrx_word' id='word_1_100' title='bbox 1171 706 1376 754; x_wconf 86' lang='lat' dir='ltr'><strong>indicaret,</strong></span> <span class='ocrx_word' id='word_1_101' title='bbox 1409 706 1553 744; x_wconf 90' lang='lat' dir='ltr'><strong>dubius</strong></span> <span class='ocrx_word' id='word_1_102' title='bbox 1583 713 1790 756; x_wconf 85' lang='lat' dir='ltr'><strong>quaereret</strong></span> <span class='ocrx_word' id='word_1_103' title='bbox 1810 705 2032 745; x_wconf 91' lang='lat' dir='ltr'><strong>Ovidiusne</strong></span> <span class='ocrx_word' id='word_1_104' title='bbox 2063 722 2134 746; x_wconf 87' lang='lat' dir='ltr'><strong>sua</strong></span> <span class='ocrx_word' id='word_1_105' title='bbox 2163 722 2187 745; x_wconf 89' lang='lat' dir='ltr'><strong>a</strong></span> 
     </span>
     <span class='ocr_line' id='line_1_10' title="bbox 209 776 2184 830; baseline 0 -12"><span class='ocrx_word' id='word_1_106' title='bbox 209 780 327 818; x_wconf 86' lang='lat' dir='ltr'><strong>Livio</strong></span> <span class='ocrx_word' id='word_1_107' title='bbox 357 778 522 817; x_wconf 89' lang='lat' dir='ltr'><strong>haberet</strong></span> <span class='ocrx_word' id='word_1_108' title='bbox 551 793 601 816; x_wconf 88' lang='lat' dir='ltr'><strong>an</strong></span> <span class='ocrx_word' id='word_1_109' title='bbox 632 784 796 829; x_wconf 89' lang='lat' dir='ltr'><strong>uterque</strong></span> <span class='ocrx_word' id='word_1_110' title='bbox 827 778 876 816; x_wconf 87' lang='lat' dir='ltr'><strong>ab</strong></span> <span class='ocrx_word' id='word_1_111' title='bbox 898 778 1030 830; x_wconf 86' lang='lat' dir='ltr'><strong>aliquo</strong></span> <span class='ocrx_word' id='word_1_112' title='bbox 1061 778 1296 830; x_wconf 82' lang='lat' dir='ltr'><strong>antiquiore.</strong></span> <span class='ocrx_word' id='word_1_113' title='bbox 1342 777 1483 818; x_wconf 88' lang='lat' dir='ltr'><strong>Livius</strong></span> <span class='ocrx_word' id='word_1_114' title='bbox 1514 777 1636 829; x_wconf 88' lang='lat' dir='ltr'><strong>igitur</strong></span> <span class='ocrx_word' id='word_1_115' title='bbox 1666 792 1755 818; x_wconf 88' lang='lat' dir='ltr'><strong>cum</strong></span> <span class='ocrx_word' id='word_1_116' title='bbox 1776 776 1907 818; x_wconf 83' lang='lat' dir='ltr'><strong>tradat</strong></span> <span class='ocrx_word' id='word_1_117' title='bbox 1927 778 1963 830; x_wconf 82' lang='lat'><strong>2,</strong></span> <span class='ocrx_word' id='word_1_118' title='bbox 1985 778 2098 830; x_wconf 85' lang='lat'>49‚·8</span> <span class='ocrx_word' id='word_1_119' title='bbox 2121 779 2184 818; x_wconf 86' lang='lat' dir='ltr'><strong>In·</strong></span> 
     </span>
     <span class='ocr_line' id='line_1_11' title="bbox 198 848 2186 903; baseline 0 -13"><span class='ocrx_word' id='word_1_120' title='bbox 198 851 318 903; x_wconf 83' lang='lat' dir='ltr'><strong>felici</strong></span> <span class='ocrx_word' id='word_1_121' title='bbox 344 851 408 889; x_wconf 86' lang='lat' dir='ltr'><strong>via</strong></span> <span class='ocrx_word' id='word_1_122' title='bbox 429 850 564 888; x_wconf 82' lang='lat' dir='ltr'><strong>de.vtro</strong></span> <span class='ocrx_word' id='word_1_123' title='bbox 586 850 677 888; x_wconf 91' lang='lat' dir='ltr'><strong>iano</strong></span> <span class='ocrx_word' id='word_1_124' title='bbox 695 856 835 901; x_wconf 82' lang='lat' dir='ltr'><strong>portae</strong></span> <span class='ocrx_word' id='word_1_125' title='bbox 855 848 1112 889; x_wconf 72' lang='lat' dir='ltr'><strong>Carmentalis</strong></span> <span class='ocrx_word' id='word_1_126' title='bbox 1128 849 1302 902; x_wconf 81' lang='lat' dir='ltr'><strong>profecti</strong></span> <span class='ocrx_word' id='word_1_127' title='bbox 1325 850 1379 888; x_wconf 85' lang='lat' dir='ltr'><strong>ad</strong></span> <span class='ocrx_word' id='word_1_128' title='bbox 1399 848 1618 888; x_wconf 75' lang='lat' dir='ltr'><strong>Cremeram</strong></span> <span class='ocrx_word' id='word_1_129' title='bbox 1627 850 1779 901; x_wconf 82' lang='lat' dir='ltr'><strong>flumen</strong></span> <span class='ocrx_word' id='word_1_130' title='bbox 1805 853 2049 903; x_wconf 78' lang='lat' dir='ltr'><strong>perveniunt,</strong></span> <span class='ocrx_word' id='word_1_131' title='bbox 2081 865 2186 890; x_wconf 91' lang='lat' dir='ltr'><strong>nunc</strong></span> 
     </span>
     <span class='ocr_line' id='line_1_12' title="bbox 210 920 2184 976; baseline 0 -14"><span class='ocrx_word' id='word_1_132' title='bbox 210 936 367 976; x_wconf 88' lang='lat' dir='ltr'><strong>quoque</strong></span> <span class='ocrx_word' id='word_1_133' title='bbox 397 920 501 961; x_wconf 85' lang='lat' dir='ltr'><strong>haud</strong></span> <span class='ocrx_word' id='word_1_134' title='bbox 532 921 744 961; x_wconf 90' lang='lat' dir='ltr'><strong>obscurum</strong></span> <span class='ocrx_word' id='word_1_135' title='bbox 775 927 835 960; x_wconf 94' lang='lat' dir='ltr'><strong>est</strong></span> <span class='ocrx_word' id='word_1_136' title='bbox 866 920 969 959; x_wconf 87' lang='lat' dir='ltr'><strong>unde</strong></span> <span class='ocrx_word' id='word_1_137' title='bbox 999 934 1071 960; x_wconf 87' lang='lat' dir='ltr'><strong>sua</strong></span> <span class='ocrx_word' id='word_1_138' title='bbox 1100 920 1276 960; x_wconf 86' lang='lat' dir='ltr'><strong>hauserit</strong></span> <span class='ocrx_word' id='word_1_139' title='bbox 1296 920 1479 971; x_wconf 86' lang='lat' dir='ltr'><strong>Ovidius,</strong></span> <span class='ocrx_word' id='word_1_140' title='bbox 1512 928 1551 959; x_wconf 92' lang='lat' dir='ltr'><strong>et</strong></span> <span class='ocrx_word' id='word_1_141' title='bbox 1581 928 1790 973; x_wconf 91' lang='lat' dir='ltr'><strong>utrumque</strong></span> <span class='ocrx_word' id='word_1_142' title='bbox 1812 922 1952 961; x_wconf 85' lang='lat' dir='ltr'><strong>eadem</strong></span> <span class='ocrx_word' id='word_1_143' title='bbox 1978 924 2016 961; x_wconf 82' lang='lat' dir='ltr'><strong>vi</strong></span> <span class='ocrx_word' id='word_1_144' title='bbox 2038 931 2077 961; x_wconf 89' lang='lat' dir='ltr'><strong>et</strong></span> <span class='ocrx_word' id='word_1_145' title='bbox 2098 937 2184 962; x_wconf 90' lang='lat' dir='ltr'><strong>sen-</strong></span> 
     </span>
     <span class='ocr_line' id='line_1_13' title="bbox 210 991 2186 1047; baseline 0.001 -14"><span class='ocrx_word' id='word_1_146' title='bbox 210 995 335 1033; x_wconf 87' lang='lat' dir='ltr'><strong>tentia</strong></span> <span class='ocrx_word' id='word_1_147' title='bbox 363 995 499 1032; x_wconf 88' lang='lat' dir='ltr'><strong>ianum</strong></span> <span class='ocrx_word' id='word_1_148' title='bbox 519 993 711 1032; x_wconf 85' lang='lat' dir='ltr'><strong>fornicem</strong></span> <span class='ocrx_word' id='word_1_149' title='bbox 742 993 884 1032; x_wconf 89' lang='lat' dir='ltr'><strong>dicere.</strong></span> <span class='ocrx_word' id='word_1_150' title='bbox 929 993 1197 1032; x_wconf 90' lang='lat' dir='ltr'><strong>Nihilominus</strong></span> <span class='ocrx_word' id='word_1_151' title='bbox 1218 991 1378 1032; x_wconf 87' lang='lat' dir='ltr'><strong>fuerunt</strong></span> <span class='ocrx_word' id='word_1_152' title='bbox 1397 993 1464 1045; x_wconf 92' lang='lat' dir='ltr'><strong>qui</strong></span> <span class='ocrx_word' id='word_1_153' title='bbox 1486 992 1584 1032; x_wconf 86' lang='lat' dir='ltr'><strong>haec</strong></span> <span class='ocrx_word' id='word_1_154' title='bbox 1605 1007 1705 1045; x_wconf 88' lang='lat' dir='ltr'><strong>quae</strong></span> <span class='ocrx_word' id='word_1_155' title='bbox 1726 994 1962 1047; x_wconf 89' lang='lat' dir='ltr'><strong>simplicitas</strong></span> <span class='ocrx_word' id='word_1_156' title='bbox 1993 995 2186 1035; x_wconf 85' lang='lat' dir='ltr'><strong>suadebat</strong></span> 
     </span>
     <span class='ocr_line' id='line_1_14' title="bbox 208 1064 2186 1121; baseline 0.002 -17"><span class='ocrx_word' id='word_1_157' title='bbox 208 1066 410 1118; x_wconf 88' lang='lat' dir='ltr'><strong>aspernati</strong></span> <span class='ocrx_word' id='word_1_158' title='bbox 440 1065 519 1103; x_wconf 86' lang='lat' dir='ltr'><strong>alia</strong></span> <span class='ocrx_word' id='word_1_159' title='bbox 550 1072 589 1103; x_wconf 89' lang='lat' dir='ltr'><strong>et</strong></span> <span class='ocrx_word' id='word_1_160' title='bbox 618 1065 870 1116; x_wconf 86' lang='lat' dir='ltr'><strong>impeditiora</strong></span> <span class='ocrx_word' id='word_1_161' title='bbox 897 1066 1170 1116; x_wconf 85' lang='lat' dir='ltr'><strong>anquirerent,</strong></span> <span class='ocrx_word' id='word_1_162' title='bbox 1200 1065 1253 1105; x_wconf 90' lang='lat' dir='ltr'><strong>H.</strong></span> <span class='ocrx_word' id='word_1_163' title='bbox 1274 1064 1470 1105; x_wconf 87' lang='lat' dir='ltr'><strong>Iordanus</strong></span> <span class='ocrx_word' id='word_1_164' title='bbox 1500 1065 1699 1118; x_wconf 88' lang='lat' dir='ltr'><strong>inprimis,</strong></span> <span class='ocrx_word' id='word_1_165' title='bbox 1737 1066 1804 1118; x_wconf 94' lang='lat' dir='ltr'><strong>qui</strong></span> <span class='ocrx_word' id='word_1_166' title='bbox 1834 1067 1874 1106; x_wconf 91' lang='lat' dir='ltr'><strong>in</strong></span> <span class='ocrx_word' id='word_1_167' title='bbox 1906 1066 2186 1121; x_wconf 86' lang='lat' dir='ltr'><strong>Topographia</strong></span> 
     </span>
     <span class='ocr_line' id='line_1_15' title="bbox 210 1133 2184 1189; baseline 0 -11"><span class='ocrx_word' id='word_1_168' title='bbox 210 1138 330 1179; x_wconf 91' lang='lat' dir='ltr'><strong>Urbis</strong></span> <span class='ocrx_word' id='word_1_169' title='bbox 360 1134 419 1188; x_wconf 91' lang='lat'><strong>(1,</strong></span> <span class='ocrx_word' id='word_1_170' title='bbox 445 1139 464 1177; x_wconf 91' lang='lat'>1</span> <span class='ocrx_word' id='word_1_171' title='bbox 488 1151 524 1189; x_wconf 93' lang='lat' dir='ltr'><strong>p.</strong></span> <span class='ocrx_word' id='word_1_172' title='bbox 544 1138 624 1178; x_wconf 82' lang='lat'><strong>239</strong></span> <span class='ocrx_word' id='word_1_173' title='bbox 644 1153 682 1177; x_wconf 94' lang='lat' dir='ltr'><strong>n.</strong></span> <span class='ocrx_word' id='word_1_174' title='bbox 705 1136 753 1178; x_wconf 85' lang='lat' dir='ltr'><strong>cf.</strong></span> <span class='ocrx_word' id='word_1_175' title='bbox 773 1137 912 1178; x_wconf 86' lang='lat' dir='ltr'><strong>Herm.</strong></span> <span class='ocrx_word' id='word_1_176' title='bbox 934 1138 971 1189; x_wconf 82' lang='lat'><strong>4,</strong></span> <span class='ocrx_word' id='word_1_177' title='bbox 997 1133 1093 1189; x_wconf 79' lang='lat'>234)</span> <span class='ocrx_word' id='word_1_178' title='bbox 1120 1136 1168 1177; x_wconf 88' lang='lat' dir='ltr'><strong>de</strong></span> <span class='ocrx_word' id='word_1_179' title='bbox 1189 1151 1235 1177; x_wconf 87' lang='lat' dir='ltr'><strong>ea</strong></span> <span class='ocrx_word' id='word_1_180' title='bbox 1255 1151 1297 1177; x_wconf 90' lang='lat' dir='ltr'><strong>re</strong></span> <span class='ocrx_word' id='word_1_181' title='bbox 1320 1136 1441 1177; x_wconf 86' lang='lat' dir='ltr'><strong>verba</strong></span> <span class='ocrx_word' id='word_1_182' title='bbox 1460 1136 1571 1188; x_wconf 83' lang='lat' dir='ltr'><strong>fecit3</strong></span> <span class='ocrx_word' id='word_1_183' title='bbox 1604 1137 1788 1178; x_wconf 85' lang='lat' dir='ltr'><strong>similiter</strong></span> <span class='ocrx_word' id='word_1_184' title='bbox 1807 1136 2103 1179; x_wconf 88' lang='lat' dir='ltr'><strong>H.Wintherus</strong></span> <span class='ocrx_word' id='word_1_185' title='bbox 2125 1139 2184 1178; x_wconf 90' lang='lat' dir='ltr'><strong>De</strong></span> 
     </span>
     <span class='ocr_line' id='line_1_16' title="bbox 208 1206 2185 1261; baseline 0.001 -11"><span class='ocrx_word' id='word_1_186' title='bbox 208 1210 340 1250; x_wconf 85' lang='lat' dir='ltr'><strong>Fastis</strong></span> <span class='ocrx_word' id='word_1_187' title='bbox 358 1208 487 1249; x_wconf 87' lang='lat' dir='ltr'><strong>Verrii</strong></span> <span class='ocrx_word' id='word_1_188' title='bbox 508 1210 558 1249; x_wconf 89' lang='lat' dir='ltr'><strong>ab</strong></span> <span class='ocrx_word' id='word_1_189' title='bbox 576 1207 722 1248; x_wconf 86' lang='lat' dir='ltr'><strong>Ovidio</strong></span> <span class='ocrx_word' id='word_1_190' title='bbox 744 1209 935 1249; x_wconf 87' lang='lat' dir='ltr'><strong>adhibitis</strong></span> <span class='ocrx_word' id='word_1_191' title='bbox 956 1208 1104 1261; x_wconf 92' lang='lat' dir='ltr'><strong>(Berol.</strong></span> <span class='ocrx_word' id='word_1_192' title='bbox 1126 1206 1249 1260; x_wconf 80' lang='lat'>1885)</span> <span class='ocrx_word' id='word_1_193' title='bbox 1271 1223 1306 1261; x_wconf 90' lang='lat' dir='ltr'><strong>p.</strong></span> <span class='ocrx_word' id='word_1_194' title='bbox 1325 1210 1379 1248; x_wconf 82' lang='lat'><strong>50</strong></span> <span class='ocrx_word' id='word_1_195' title='bbox 1395 1223 1425 1248; x_wconf 87' lang='lat' dir='ltr'><strong>s.</strong></span> <span class='ocrx_word' id='word_1_196' title='bbox 1467 1208 1547 1258; x_wconf 79' lang='lat' dir='ltr'><strong>Qui</strong></span> <span class='ocrx_word' id='word_1_197' title='bbox 1569 1209 1678 1248; x_wconf 87' lang='lat' dir='ltr'><strong>Festi</strong></span> <span class='ocrx_word' id='word_1_198' title='bbox 1699 1211 1928 1250; x_wconf 89' lang='lat' dir='ltr'><strong>testimonio</strong></span> <span class='ocrx_word' id='word_1_199' title='bbox 1950 1211 2069 1261; x_wconf 88' lang='lat' dir='ltr'><strong>ducti,</strong></span> <span class='ocrx_word' id='word_1_200' title='bbox 2087 1212 2185 1251; x_wconf 87' lang='lat' dir='ltr'><strong>haec</strong></span> 
     </span>
     <span class='ocr_line' id='line_1_17' title="bbox 208 1282 2187 1335; baseline 0.001 -13"><span class='ocrx_word' id='word_1_201' title='bbox 208 1283 400 1322; x_wconf 87' lang='lat' dir='ltr'><strong>tradentis</strong></span> <span class='ocrx_word' id='word_1_202' title='bbox 417 1283 545 1335; x_wconf 79' lang='lat' dir='ltr'><strong>p.285</strong></span> <span class='ocrx_word' id='word_1_203' title='bbox 561 1282 617 1321; x_wconf 92' lang='lat' dir='ltr'><strong>M.</strong></span> <span class='ocrx_word' id='word_1_204' title='bbox 634 1284 713 1321; x_wconf 83' lang='lat'><strong>396</strong></span> <span class='ocrx_word' id='word_1_205' title='bbox 728 1282 800 1321; x_wconf 88' lang='lat' dir='ltr'><strong>Th.</strong></span> <span class='ocrx_word' id='word_1_206' title='bbox 815 1283 999 1334; x_wconf 75' lang='lat' dir='ltr'><strong>reliqioni</strong></span> <span class='ocrx_word' id='word_1_207' title='bbox 1013 1290 1067 1321; x_wconf 73' lang='lat' dir='ltr'><strong>est</strong></span> <span class='ocrx_word' id='word_1_208' title='bbox 1082 1282 1316 1334; x_wconf 77' lang='lat' dir='ltr'><strong>quibusdam</strong></span> <span class='ocrx_word' id='word_1_209' title='bbox 1327 1290 1448 1334; x_wconf 76' lang='lat' dir='ltr'><strong>porta</strong></span> <span class='ocrx_word' id='word_1_210' title='bbox 1464 1283 1704 1321; x_wconf 79' lang='lat' dir='ltr'><strong>Carmentali</strong></span> <span class='ocrx_word' id='word_1_211' title='bbox 1722 1284 1854 1333; x_wconf 75' lang='lat' dir='ltr'><strong>eyredi</strong></span> <span class='ocrx_word' id='word_1_212' title='bbox 1872 1291 1907 1322; x_wconf 90' lang='lat' dir='ltr'><strong>et</strong></span> <span class='ocrx_word' id='word_1_213' title='bbox 1927 1285 1968 1322; x_wconf 87' lang='lat' dir='ltr'><strong>in</strong></span> <span class='ocrx_word' id='word_1_214' title='bbox 1983 1285 2077 1323; x_wconf 84' lang='lat' dir='ltr'><strong>aede</strong></span> <span class='ocrx_word' id='word_1_215' title='bbox 2094 1284 2187 1323; x_wconf 89' lang='lat' dir='ltr'><strong>Iani</strong></span> 
     </span>
     <span class='ocr_line' id='line_1_18' title="bbox 208 1342 2184 1408; baseline 0.001 -14"><span class='ocrx_word' id='word_1_216' title='bbox 208 1342 307 1408; x_wconf 82' lang='lat' dir='ltr'><strong>quae</strong></span> <span class='ocrx_word' id='word_1_217' title='bbox 336 1363 392 1394; x_wconf 71' lang='lat' dir='ltr'><strong>est</strong></span> <span class='ocrx_word' id='word_1_218' title='bbox 410 1362 520 1394; x_wconf 72' lang='lat' dir='ltr'><strong>extra</strong></span> <span class='ocrx_word' id='word_1_219' title='bbox 539 1369 623 1394; x_wconf 88' lang='lat' dir='ltr'><strong>eam</strong></span> <span class='ocrx_word' id='word_1_220' title='bbox 643 1362 818 1394; x_wconf 75' lang='lat' dir='ltr'><strong>senatum</strong></span> <span class='ocrx_word' id='word_1_221' title='bbox 838 1354 983 1405; x_wconf 77' lang='lat' dir='ltr'><strong>haberi,</strong></span> <span class='ocrx_word' id='word_1_222' title='bbox 1016 1355 1122 1406; x_wconf 82' lang='lat' dir='ltr'><strong>quod</strong></span> <span class='ocrx_word' id='word_1_223' title='bbox 1140 1368 1185 1393; x_wconf 86' lang='lat' dir='ltr'><strong>ea</strong></span> <span class='ocrx_word' id='word_1_224' title='bbox 1206 1355 1352 1407; x_wconf 74' lang='lat' dir='ltr'><strong>eqressi</strong></span> <span class='ocrx_word' id='word_1_225' title='bbox 1368 1367 1435 1393; x_wconf 72' lang='lat' dir='ltr'><strong>sea:</strong></span> <span class='ocrx_word' id='word_1_226' title='bbox 1455 1361 1489 1393; x_wconf 90' lang='lat' dir='ltr'><strong>et</strong></span> <span class='ocrx_word' id='word_1_227' title='bbox 1514 1355 1674 1393; x_wconf 79' lang='lat' dir='ltr'><strong>trecenti</strong></span> <span class='ocrx_word' id='word_1_228' title='bbox 1691 1354 1811 1394; x_wconf 84' lang='lat' dir='ltr'><strong>Fabii</strong></span> <span class='ocrx_word' id='word_1_229' title='bbox 1837 1356 1947 1408; x_wconf 85' lang='lat' dir='ltr'><strong>apud</strong></span> <span class='ocrx_word' id='word_1_230' title='bbox 1966 1353 2184 1395; x_wconf 75' lang='lat' dir='ltr'><strong>Cremeram</strong></span> 
     </span>
     <span class='ocr_line' id='line_1_19' title="bbox 208 1426 2181 1478; baseline 0.001 -12"><span class='ocrx_word' id='word_1_231' title='bbox 208 1440 336 1466; x_wconf 73' lang='lat' dir='ltr'><strong>omnee</strong></span> <span class='ocrx_word' id='word_1_232' title='bbox 364 1426 558 1477; x_wconf 73' lang='lat' dir='ltr'><strong>interfecti</strong></span> <span class='ocrx_word' id='word_1_233' title='bbox 584 1434 689 1476; x_wconf 68' lang='lat' dir='ltr'><strong>sient,</strong></span> <span class='ocrx_word' id='word_1_234' title='bbox 726 1440 813 1464; x_wconf 83' lang='lat' dir='ltr'><strong>cum</strong></span> <span class='ocrx_word' id='word_1_235' title='bbox 841 1428 883 1464; x_wconf 88' lang='lat' dir='ltr'><strong>in</strong></span> <span class='ocrx_word' id='word_1_236' title='bbox 913 1426 1007 1464; x_wconf 86' lang='lat' dir='ltr'><strong>aede</strong></span> <span class='ocrx_word' id='word_1_237' title='bbox 1037 1426 1130 1464; x_wconf 91' lang='lat' dir='ltr'><strong>Iani</strong></span> <span class='ocrx_word' id='word_1_238' title='bbox 1156 1440 1188 1463; x_wconf 80' lang='lat'><strong>8.</strong></span> <span class='ocrx_word' id='word_1_239' title='bbox 1211 1440 1242 1464; x_wconf 84' lang='lat' dir='ltr'><strong>e.</strong></span> <span class='ocrx_word' id='word_1_240' title='bbox 1262 1426 1422 1476; x_wconf 80' lang='lat' dir='ltr'><strong>factum</strong></span> <span class='ocrx_word' id='word_1_241' title='bbox 1451 1434 1545 1464; x_wconf 74' lang='lat' dir='ltr'><strong>esset</strong></span> <span class='ocrx_word' id='word_1_242' title='bbox 1573 1428 1632 1465; x_wconf 79' lang='lat' dir='ltr'><strong>uti</strong></span> <span class='ocrx_word' id='word_1_243' title='bbox 1653 1428 2009 1478; x_wconf 75' lang='lat' dir='ltr'><strong>proficiscerentur,</strong></span> <span class='ocrx_word' id='word_1_244' title='bbox 2042 1428 2181 1467; x_wconf 90' lang='lat' dir='ltr'><strong>Ianum</strong></span> 
     </span>
     <span class='ocr_line' id='line_1_20' title="bbox 207 1497 2181 1550; baseline 0 -12"><span class='ocrx_word' id='word_1_245' title='bbox 207 1506 245 1538; x_wconf 93' lang='lat' dir='ltr'><strong>et</strong></span> <span class='ocrx_word' id='word_1_246' title='bbox 274 1499 362 1538; x_wconf 87' lang='lat' dir='ltr'><strong>Iani</strong></span> <span class='ocrx_word' id='word_1_247' title='bbox 398 1498 536 1538; x_wconf 88' lang='lat' dir='ltr'><strong>aedem</strong></span> <span class='ocrx_word' id='word_1_248' title='bbox 572 1498 858 1548; x_wconf 83' lang='lat' dir='ltr'><strong>immiscentes,</strong></span> <span class='ocrx_word' id='word_1_249' title='bbox 896 1511 986 1537; x_wconf 89' lang='lat' dir='ltr'><strong>cum</strong></span> <span class='ocrx_word' id='word_1_250' title='bbox 1022 1497 1126 1550; x_wconf 89' lang='lat' dir='ltr'><strong>apud</strong></span> <span class='ocrx_word' id='word_1_251' title='bbox 1156 1497 1316 1537; x_wconf 86' lang='lat' dir='ltr'><strong>Livium</strong></span> <span class='ocrx_word' id='word_1_252' title='bbox 1352 1498 1487 1537; x_wconf 71' lang='lat' dir='ltr'><strong>dextro</strong></span> <span class='ocrx_word' id='word_1_253' title='bbox 1520 1497 1617 1537; x_wconf 89' lang='lat' dir='ltr'><strong>Iano</strong></span> <span class='ocrx_word' id='word_1_254' title='bbox 1648 1498 2003 1550; x_wconf 83' lang='lat' dir='ltr'><strong>interpretarentur</strong></span> <span class='ocrx_word' id='word_1_255' title='bbox 2032 1499 2181 1538; x_wconf 82' lang='lat' dir='ltr'><strong>infelici</strong></span> 
     </span>
     <span class='ocr_line' id='line_1_21' title="bbox 208 1567 2181 1622; baseline 0.001 -13"><span class='ocrx_word' id='word_1_256' title='bbox 208 1571 271 1610; x_wconf 90' lang='lat' dir='ltr'><strong>via</strong></span> <span class='ocrx_word' id='word_1_257' title='bbox 300 1571 356 1610; x_wconf 88' lang='lat' dir='ltr'><strong>ita</strong></span> <span class='ocrx_word' id='word_1_258' title='bbox 386 1577 428 1609; x_wconf 90' lang='lat' dir='ltr'><strong>ut</strong></span> <span class='ocrx_word' id='word_1_259' title='bbox 457 1570 579 1610; x_wconf 87' lang='lat' dir='ltr'><strong>Ianus</strong></span> <span class='ocrx_word' id='word_1_260' title='bbox 610 1570 749 1610; x_wconf 88' lang='lat' dir='ltr'><strong>dexter</strong></span> <span class='ocrx_word' id='word_1_261' title='bbox 778 1567 938 1620; x_wconf 79' lang='lat' dir='ltr'><strong>esset*),</strong></span> <span class='ocrx_word' id='word_1_262' title='bbox 971 1570 1077 1622; x_wconf 89' lang='lat' dir='ltr'><strong>apud</strong></span> <span class='ocrx_word' id='word_1_263' title='bbox 1106 1569 1296 1610; x_wconf 90' lang='lat' dir='ltr'><strong>Ovidium</strong></span> <span class='ocrx_word' id='word_1_264' title='bbox 1327 1571 1464 1609; x_wconf 69' lang='lat' dir='ltr'><strong>dextra</strong></span> <span class='ocrx_word' id='word_1_265' title='bbox 1494 1570 1614 1609; x_wconf 90' lang='lat' dir='ltr'><strong>scribi</strong></span> <span class='ocrx_word' id='word_1_266' title='bbox 1645 1569 1810 1609; x_wconf 89' lang='lat' dir='ltr'><strong>mallent</strong></span> <span class='ocrx_word' id='word_1_267' title='bbox 1838 1578 1881 1609; x_wconf 93' lang='lat' dir='ltr'><strong>ut</strong></span> <span class='ocrx_word' id='word_1_268' title='bbox 1911 1577 2016 1610; x_wconf 86' lang='lat' dir='ltr'><strong>esset</strong></span> <span class='ocrx_word' id='word_1_269' title='bbox 2045 1572 2181 1610; x_wconf 71' lang='lat' dir='ltr'><strong>dextra</strong></span> 
     </span>
     <span class='ocr_line' id='line_1_22' title="bbox 205 1640 2179 1695; baseline 0 -14"><span class='ocrx_word' id='word_1_270' title='bbox 205 1643 269 1681; x_wconf 89' lang='lat' dir='ltr'><strong>via</strong></span> <span class='ocrx_word' id='word_1_271' title='bbox 287 1643 472 1695; x_wconf 64' lang='lat' dir='ltr'><strong>pron-ima</strong></span> <span class='ocrx_word' id='word_1_272' title='bbox 494 1642 607 1691; x_wconf 82' lang='lat' dir='ltr'><strong>Iano,</strong></span> <span class='ocrx_word' id='word_1_273' title='bbox 638 1655 738 1694; x_wconf 88' lang='lat' dir='ltr'><strong>quae</strong></span> <span class='ocrx_word' id='word_1_274' title='bbox 769 1647 906 1693; x_wconf 88' lang='lat' dir='ltr'><strong>aperta</strong></span> <span class='ocrx_word' id='word_1_275' title='bbox 927 1647 1039 1680; x_wconf 88' lang='lat' dir='ltr'><strong>erant</strong></span> <span class='ocrx_word' id='word_1_276' title='bbox 1059 1641 1202 1679; x_wconf 91' lang='lat' dir='ltr'><strong>mirum</strong></span> <span class='ocrx_word' id='word_1_277' title='bbox 1234 1642 1273 1679; x_wconf 90' lang='lat' dir='ltr'><strong>in</strong></span> <span class='ocrx_word' id='word_1_278' title='bbox 1295 1640 1457 1679; x_wconf 91' lang='lat' dir='ltr'><strong>modum</strong></span> <span class='ocrx_word' id='word_1_279' title='bbox 1484 1642 1758 1680; x_wconf 88' lang='lat' dir='ltr'><strong>obscurarunt.</strong></span> <span class='ocrx_word' id='word_1_280' title='bbox 1803 1642 1916 1680; x_wconf 90' lang='lat' dir='ltr'><strong>Haec</strong></span> <span class='ocrx_word' id='word_1_281' title='bbox 1946 1643 2179 1693; x_wconf 87' lang='lat' dir='ltr'><strong>singillatim</strong></span> 
     </span>
     <span class='ocr_line' id='line_1_23' title="bbox 205 1711 2180 1766; baseline 0 -13"><span class='ocrx_word' id='word_1_282' title='bbox 205 1714 389 1766; x_wconf 88' lang='lat' dir='ltr'><strong>persequi</strong></span> <span class='ocrx_word' id='word_1_283' title='bbox 419 1728 442 1753; x_wconf 89' lang='lat' dir='ltr'><strong>a</strong></span> <span class='ocrx_word' id='word_1_284' title='bbox 471 1719 606 1752; x_wconf 91' lang='lat' dir='ltr'><strong>nostro</strong></span> <span class='ocrx_word' id='word_1_285' title='bbox 637 1712 802 1752; x_wconf 90' lang='lat' dir='ltr'><strong>consilio</strong></span> <span class='ocrx_word' id='word_1_286' title='bbox 833 1712 1006 1751; x_wconf 89' lang='lat' dir='ltr'><strong>alienum</strong></span> <span class='ocrx_word' id='word_1_287' title='bbox 1036 1718 1097 1751; x_wconf 89' lang='lat' dir='ltr'><strong>est</strong></span> <span class='ocrx_word' id='word_1_288' title='bbox 1125 1726 1198 1751; x_wconf 93' lang='lat' dir='ltr'><strong>nec</strong></span> <span class='ocrx_word' id='word_1_289' title='bbox 1227 1712 1315 1750; x_wconf 86' lang='lat' dir='ltr'><strong>Iani</strong></span> <span class='ocrx_word' id='word_1_290' title='bbox 1345 1713 1578 1760; x_wconf 86' lang='lat' dir='ltr'><strong>memoriam</strong></span> <span class='ocrx_word' id='word_1_291' title='bbox 1609 1726 1697 1751; x_wconf 89' lang='lat' dir='ltr'><strong>cum</strong></span> <span class='ocrx_word' id='word_1_292' title='bbox 1728 1720 1841 1764; x_wconf 88' lang='lat' dir='ltr'><strong>porta</strong></span> <span class='ocrx_word' id='word_1_293' title='bbox 1867 1711 2111 1752; x_wconf 85' lang='lat' dir='ltr'><strong>Carmentali</strong></span> <span class='ocrx_word' id='word_1_294' title='bbox 2141 1722 2180 1753; x_wconf 89' lang='lat' dir='ltr'><strong>et</strong></span> 
     </span>
     <span class='ocr_line' id='line_1_24' title="bbox 204 1783 2178 1837; baseline 0.001 -14"><span class='ocrx_word' id='word_1_295' title='bbox 204 1784 341 1825; x_wconf 87' lang='lat' dir='ltr'><strong>Fabiis</strong></span> <span class='ocrx_word' id='word_1_296' title='bbox 377 1786 544 1825; x_wconf 84' lang='lat' dir='ltr'><strong>mixtam</strong></span> <span class='ocrx_word' id='word_1_297' title='bbox 580 1786 631 1824; x_wconf 92' lang='lat' dir='ltr'><strong>ab</strong></span> <span class='ocrx_word' id='word_1_298' title='bbox 667 1785 818 1836; x_wconf 86' lang='lat' dir='ltr'><strong>origine</strong></span> <span class='ocrx_word' id='word_1_299' title='bbox 849 1784 992 1823; x_wconf 90' lang='lat' dir='ltr'><strong>ducere</strong></span> <span class='ocrx_word' id='word_1_300' title='bbox 1028 1798 1228 1823; x_wconf 85' lang='lat' dir='ltr'><strong>conamur.</strong></span> <span class='ocrx_word' id='word_1_301' title='bbox 1273 1784 1363 1823; x_wconf 91' lang='lat' dir='ltr'><strong>Hoc</strong></span> <span class='ocrx_word' id='word_1_302' title='bbox 1398 1784 1567 1823; x_wconf 90' lang='lat' dir='ltr'><strong>dicimus</strong></span> <span class='ocrx_word' id='word_1_303' title='bbox 1597 1783 1703 1823; x_wconf 90' lang='lat' dir='ltr'><strong>Livii</strong></span> <span class='ocrx_word' id='word_1_304' title='bbox 1734 1783 1949 1837; x_wconf 89' lang='lat' dir='ltr'><strong>Ovidiique</strong></span> <span class='ocrx_word' id='word_1_305' title='bbox 1982 1798 2178 1825; x_wconf 90' lang='lat' dir='ltr'><strong>consensu</strong></span> 
     </span>
     <span class='ocr_line' id='line_1_25' title="bbox 204 1855 2177 1909; baseline -0.001 -12"><span class='ocrx_word' id='word_1_306' title='bbox 204 1857 390 1897; x_wconf 88' lang='lat' dir='ltr'><strong>standum</strong></span> <span class='ocrx_word' id='word_1_307' title='bbox 419 1871 506 1897; x_wconf 87' lang='lat' dir='ltr'><strong>esse</strong></span> <span class='ocrx_word' id='word_1_308' title='bbox 537 1863 575 1896; x_wconf 93' lang='lat' dir='ltr'><strong>et</strong></span> <span class='ocrx_word' id='word_1_309' title='bbox 604 1856 726 1896; x_wconf 91' lang='lat' dir='ltr'><strong>misso</strong></span> <span class='ocrx_word' id='word_1_310' title='bbox 755 1856 852 1896; x_wconf 88' lang='lat' dir='ltr'><strong>Iano</strong></span> <span class='ocrx_word' id='word_1_311' title='bbox 881 1855 1048 1908; x_wconf 88' lang='lat' dir='ltr'><strong>Ianique</strong></span> <span class='ocrx_word' id='word_1_312' title='bbox 1077 1855 1225 1908; x_wconf 91' lang='lat' dir='ltr'><strong>templo</strong></span> <span class='ocrx_word' id='word_1_313' title='bbox 1256 1855 1361 1908; x_wconf 91' lang='lat' dir='ltr'><strong>apud</strong></span> <span class='ocrx_word' id='word_1_314' title='bbox 1392 1862 1601 1907; x_wconf 89' lang='lat' dir='ltr'><strong>utrumque</strong></span> <span class='ocrx_word' id='word_1_315' title='bbox 1631 1856 1766 1894; x_wconf 77' lang='lat' dir='ltr'><strong>dextro</strong></span> <span class='ocrx_word' id='word_1_316' title='bbox 1797 1858 1887 1895; x_wconf 85' lang='lat' dir='ltr'><strong>iano</strong></span> <span class='ocrx_word' id='word_1_317' title='bbox 1916 1864 2054 1909; x_wconf 86' lang='lat' dir='ltr'><strong>portae</strong></span> <span class='ocrx_word' id='word_1_318' title='bbox 2084 1858 2177 1896; x_wconf 81' lang='lat' dir='ltr'><strong>Car·</strong></span> 
     </span>
     <span class='ocr_line' id='line_1_26' title="bbox 202 1927 2176 1981; baseline 0.001 -12"><span class='ocrx_word' id='word_1_319' title='bbox 202 1932 340 1970; x_wconf 69' lang='lat' dir='ltr'><strong>mentis</strong></span> <span class='ocrx_word' id='word_1_320' title='bbox 368 1930 452 1969; x_wconf 91' lang='lat' dir='ltr'><strong>sive</strong></span> <span class='ocrx_word' id='word_1_321' title='bbox 482 1930 742 1971; x_wconf 64' lang='lat' dir='ltr'><strong>Carmentalis.</strong></span> <span class='ocrx_word' id='word_1_322' title='bbox 766 1928 1016 1968; x_wconf 89' lang='lat' dir='ltr'><strong>retinendum</strong></span> <span class='ocrx_word' id='word_1_323' title='bbox 1052 1934 1091 1967; x_wconf 91' lang='lat' dir='ltr'><strong>et</strong></span> <span class='ocrx_word' id='word_1_324' title='bbox 1128 1928 1333 1980; x_wconf 85' lang='lat' dir='ltr'><strong>utrobique</strong></span> <span class='ocrx_word' id='word_1_325' title='bbox 1371 1927 1553 1967; x_wconf 84' lang='lat' dir='ltr'><strong>dextrum</strong></span> <span class='ocrx_word' id='word_1_326' title='bbox 1582 1928 1775 1967; x_wconf 83' lang='lat' dir='ltr'><strong>fornicem</strong></span> <span class='ocrx_word' id='word_1_327' title='bbox 1805 1929 1889 1968; x_wconf 92' lang='lat' dir='ltr'><strong>eius</strong></span> <span class='ocrx_word' id='word_1_328' title='bbox 1920 1936 2057 1981; x_wconf 87' lang='lat' dir='ltr'><strong>portae</strong></span> <span class='ocrx_word' id='word_1_329' title='bbox 2088 1945 2176 1970; x_wconf 87' lang='lat' dir='ltr'><strong>esse</strong></span> 
     </span>
     <span class='ocr_line' id='line_1_27' title="bbox 203 1999 2175 2055; baseline 0.001 -15"><span class='ocrx_word' id='word_1_330' title='bbox 203 2002 516 2054; x_wconf 88' lang='lat' dir='ltr'><strong>intelligendum.</strong></span> <span class='ocrx_word' id='word_1_331' title='bbox 561 2002 699 2053; x_wconf 90' lang='lat' dir='ltr'><strong>Neque</strong></span> <span class='ocrx_word' id='word_1_332' title='bbox 720 2002 770 2040; x_wconf 88' lang='lat' dir='ltr'><strong>ab</strong></span> <span class='ocrx_word' id='word_1_333' title='bbox 794 2015 841 2040; x_wconf 88' lang='lat' dir='ltr'><strong>ea</strong></span> <span class='ocrx_word' id='word_1_334' title='bbox 869 2015 941 2039; x_wconf 88' lang='lat' dir='ltr'><strong>nos</strong></span> <span class='ocrx_word' id='word_1_335' title='bbox 972 2000 1171 2039; x_wconf 88' lang='lat' dir='ltr'><strong>sententia</strong></span> <span class='ocrx_word' id='word_1_336' title='bbox 1201 1999 1355 2039; x_wconf 85' lang='lat' dir='ltr'><strong>deflecti</strong></span> <span class='ocrx_word' id='word_1_337' title='bbox 1387 2000 1560 2051; x_wconf 87' lang='lat' dir='ltr'><strong>patimur</strong></span> <span class='ocrx_word' id='word_1_338' title='bbox 1590 1999 1823 2039; x_wconf 85' lang='lat' dir='ltr'><strong>difficultate</strong></span> <span class='ocrx_word' id='word_1_339' title='bbox 1854 2001 2025 2053; x_wconf 87' lang='lat' dir='ltr'><strong>quadam</strong></span> <span class='ocrx_word' id='word_1_340' title='bbox 2056 2017 2175 2055; x_wconf 88' lang='lat' dir='ltr'><strong>quam</strong></span> 
     </span>
     <span class='ocr_line' id='line_1_28' title="bbox 202 2071 2174 2126; baseline 0.001 -14"><span class='ocrx_word' id='word_1_341' title='bbox 202 2073 306 2125; x_wconf 90' lang='lat' dir='ltr'><strong>parit</strong></span> <span class='ocrx_word' id='word_1_342' title='bbox 332 2075 536 2126; x_wconf 72' lang='lat' dir='ltr'><strong>prox-ima,</strong></span> <span class='ocrx_word' id='word_1_343' title='bbox 575 2086 655 2125; x_wconf 87' lang='lat' dir='ltr'><strong>qua</strong></span> <span class='ocrx_word' id='word_1_344' title='bbox 689 2073 747 2111; x_wconf 91' lang='lat' dir='ltr'><strong>illi</strong></span> <span class='ocrx_word' id='word_1_345' title='bbox 783 2073 878 2111; x_wconf 91' lang='lat' dir='ltr'><strong>moti</strong></span> <span class='ocrx_word' id='word_1_346' title='bbox 911 2071 1093 2111; x_wconf 89' lang='lat' dir='ltr'><strong>videntur</strong></span> <span class='ocrx_word' id='word_1_347' title='bbox 1122 2072 1186 2124; x_wconf 90' lang='lat' dir='ltr'><strong>qui</strong></span> <span class='ocrx_word' id='word_1_348' title='bbox 1213 2073 1400 2124; x_wconf 72' lang='lat' dir='ltr'><strong>proxima</strong></span> <span class='ocrx_word' id='word_1_349' title='bbox 1431 2071 1529 2109; x_wconf 89' lang='lat' dir='ltr'><strong>Iano</strong></span> <span class='ocrx_word' id='word_1_350' title='bbox 1561 2071 1681 2110; x_wconf 90' lang='lat' dir='ltr'><strong>scribi</strong></span> <span class='ocrx_word' id='word_1_351' title='bbox 1712 2078 1751 2110; x_wconf 87' lang='lat' dir='ltr'><strong>et</strong></span> <span class='ocrx_word' id='word_1_352' title='bbox 1780 2072 1966 2123; x_wconf 89' lang='lat' dir='ltr'><strong>coniungi</strong></span> <span class='ocrx_word' id='word_1_353' title='bbox 1998 2074 2174 2113; x_wconf 86' lang='lat' dir='ltr'><strong>mallent.</strong></span> 
     </span>
     <span class='ocr_line' id='line_1_29' title="bbox 201 2142 2175 2197; baseline 0 -13"><span class='ocrx_word' id='word_1_354' title='bbox 201 2145 327 2197; x_wconf 87' lang='lat' dir='ltr'><strong>Atqui</strong></span> <span class='ocrx_word' id='word_1_355' title='bbox 356 2144 509 2195; x_wconf 87' lang='lat' dir='ltr'><strong>Petrus,</strong></span> <span class='ocrx_word' id='word_1_356' title='bbox 541 2144 609 2197; x_wconf 92' lang='lat' dir='ltr'><strong>qui</strong></span> <span class='ocrx_word' id='word_1_357' title='bbox 640 2144 688 2183; x_wconf 92' lang='lat' dir='ltr'><strong>de</strong></span> <span class='ocrx_word' id='word_1_358' title='bbox 718 2145 852 2183; x_wconf 72' lang='lat' dir='ltr'><strong>dea-tro</strong></span> <span class='ocrx_word' id='word_1_359' title='bbox 882 2145 975 2182; x_wconf 89' lang='lat' dir='ltr'><strong>iano</strong></span> <span class='ocrx_word' id='word_1_360' title='bbox 1005 2149 1109 2181; x_wconf 89' lang='lat' dir='ltr'><strong>recte</strong></span> <span class='ocrx_word' id='word_1_361' title='bbox 1140 2142 1346 2193; x_wconf 87' lang='lat' dir='ltr'><strong>iudicavit,</strong></span> <span class='ocrx_word' id='word_1_362' title='bbox 1376 2144 1600 2194; x_wconf 74' lang='lat' dir='ltr'><strong>proximam</strong></span> <span class='ocrx_word' id='word_1_363' title='bbox 1629 2144 1734 2181; x_wconf 79' lang='lat' dir='ltr'><strong>viam</strong></span> <span class='ocrx_word' id='word_1_364' title='bbox 1763 2142 1841 2181; x_wconf 90' lang='lat' dir='ltr'><strong>dici</strong></span> <span class='ocrx_word' id='word_1_365' title='bbox 1872 2145 2094 2195; x_wconf 85' lang='lat' dir='ltr'><strong>proximam</strong></span> <span class='ocrx_word' id='word_1_366' title='bbox 2124 2146 2175 2184; x_wconf 86' lang='lat' dir='ltr'><strong>ad</strong></span> 
     </span>
     <span class='ocr_line' id='line_1_30' title="bbox 202 2213 2173 2268; baseline -0.002 -10"><span class='ocrx_word' id='word_1_367' title='bbox 202 2215 430 2258; x_wconf 82' lang='lat' dir='ltr'><strong>Cremeram</strong></span> <span class='ocrx_word' id='word_1_368' title='bbox 462 2216 617 2255; x_wconf 87' lang='lat' dir='ltr'><strong>scribit:</strong></span> <span class='ocrx_word' id='word_1_369' title='bbox 648 2214 753 2267; x_wconf 89' lang='lat' dir='ltr'><strong>quod</strong></span> <span class='ocrx_word' id='word_1_370' title='bbox 784 2229 901 2267; x_wconf 84' lang='lat' dir='ltr'><strong>quam</strong></span> <span class='ocrx_word' id='word_1_371' title='bbox 931 2228 1023 2253; x_wconf 87' lang='lat' dir='ltr'><strong>vere</strong></span> <span class='ocrx_word' id='word_1_372' title='bbox 1054 2214 1244 2266; x_wconf 88' lang='lat' dir='ltr'><strong>posuerit,</strong></span> <span class='ocrx_word' id='word_1_373' title='bbox 1277 2227 1355 2251; x_wconf 89' lang='lat' dir='ltr'><strong>non</strong></span> <span class='ocrx_word' id='word_1_374' title='bbox 1385 2214 1484 2252; x_wconf 87' lang='lat' dir='ltr'><strong>levis</strong></span> <span class='ocrx_word' id='word_1_375' title='bbox 1516 2213 1710 2252; x_wconf 87' lang='lat' dir='ltr'><strong>dubitatio</strong></span> <span class='ocrx_word' id='word_1_376' title='bbox 1740 2220 1800 2252; x_wconf 87' lang='lat' dir='ltr'><strong>est</strong></span> <span class='ocrx_word' id='word_1_377' title='bbox 1829 2222 2040 2266; x_wconf 86' lang='lat' dir='ltr'><strong>propterea</strong></span> <span class='ocrx_word' id='word_1_378' title='bbox 2069 2217 2173 2268; x_wconf 92' lang='lat' dir='ltr'><strong>quod</strong></span> 
     </span>
     <span class='ocr_line' id='line_1_31' title="bbox 200 2282 2174 2339; baseline 0.002 -13"><span class='ocrx_word' id='word_1_379' title='bbox 200 2302 273 2326; x_wconf 89' lang='lat' dir='ltr'><strong>nec</strong></span> <span class='ocrx_word' id='word_1_380' title='bbox 302 2295 393 2328; x_wconf 83' lang='lat' dir='ltr'><strong>ante</strong></span> <span class='ocrx_word' id='word_1_381' title='bbox 414 2286 604 2327; x_wconf 89' lang='lat' dir='ltr'><strong>Cremera</strong></span> <span class='ocrx_word' id='word_1_382' title='bbox 623 2288 821 2339; x_wconf 87' lang='lat' dir='ltr'><strong>appellata</strong></span> <span class='ocrx_word' id='word_1_383' title='bbox 851 2294 911 2326; x_wconf 90' lang='lat' dir='ltr'><strong>est</strong></span> <span class='ocrx_word' id='word_1_384' title='bbox 940 2293 979 2325; x_wconf 87' lang='lat' dir='ltr'><strong>et</strong></span> <span class='ocrx_word' id='word_1_385' title='bbox 1008 2285 1125 2338; x_wconf 92' lang='lat' dir='ltr'><strong>paulo</strong></span> <span class='ocrx_word' id='word_1_386' title='bbox 1156 2291 1245 2337; x_wconf 88' lang='lat' dir='ltr'><strong>post</strong></span> <span class='ocrx_word' id='word_1_387' title='bbox 1264 2282 1380 2335; x_wconf 77' lang='lat'>(205)</span> <span class='ocrx_word' id='word_1_388' title='bbox 1400 2285 1625 2324; x_wconf 88' lang='lat' dir='ltr'><strong>nominatur</strong></span> <span class='ocrx_word' id='word_1_389' title='bbox 1654 2285 1709 2324; x_wconf 88' lang='lat' dir='ltr'><strong>ita</strong></span> <span class='ocrx_word' id='word_1_390' title='bbox 1732 2292 1772 2324; x_wconf 89' lang='lat' dir='ltr'><strong>ut</strong></span> <span class='ocrx_word' id='word_1_391' title='bbox 1802 2292 1893 2325; x_wconf 89' lang='lat' dir='ltr'><strong>ante</strong></span> <span class='ocrx_word' id='word_1_392' title='bbox 1925 2300 1998 2326; x_wconf 88' lang='lat' dir='ltr'><strong>nec</strong></span> <span class='ocrx_word' id='word_1_393' title='bbox 2027 2302 2174 2329; x_wconf 90' lang='lat' dir='ltr'><strong>memo-</strong></span> 
     </span>
     <span class='ocr_line' id='line_1_32' title="bbox 199 2356 2175 2412; baseline 0.001 -14"><span class='ocrx_word' id='word_1_394' title='bbox 199 2365 286 2398; x_wconf 88' lang='lat' dir='ltr'><strong>rata</strong></span> <span class='ocrx_word' id='word_1_395' title='bbox 314 2373 442 2412; x_wconf 91' lang='lat' dir='ltr'><strong>neque</strong></span> <span class='ocrx_word' id='word_1_396' title='bbox 472 2359 645 2411; x_wconf 85' lang='lat' dir='ltr'><strong>cogitata</strong></span> <span class='ocrx_word' id='word_1_397' title='bbox 678 2357 801 2398; x_wconf 87' lang='lat' dir='ltr'><strong>fuisse</strong></span> <span class='ocrx_word' id='word_1_398' title='bbox 836 2356 1029 2398; x_wconf 88' lang='lat' dir='ltr'><strong>videatur.</strong></span> <span class='ocrx_word' id='word_1_399' title='bbox 1074 2356 1198 2396; x_wconf 89' lang='lat' dir='ltr'><strong>Paulo</strong></span> <span class='ocrx_word' id='word_1_400' title='bbox 1227 2356 1395 2396; x_wconf 82' lang='lat' dir='ltr'><strong>fortasse</strong></span> <span class='ocrx_word' id='word_1_401' title='bbox 1429 2356 1673 2408; x_wconf 85' lang='lat' dir='ltr'><strong>probabilius</strong></span> <span class='ocrx_word' id='word_1_402' title='bbox 1714 2370 1762 2395; x_wconf 82' lang='lat' dir='ltr'><strong>ex</strong></span> <span class='ocrx_word' id='word_1_403' title='bbox 1806 2358 2023 2397; x_wconf 68' lang='lat' dir='ltr'><strong>Veientibus</strong></span> <span class='ocrx_word' id='word_1_404' title='bbox 2052 2363 2175 2399; x_wconf 69' lang='lat' dir='ltr'><strong>armis</strong></span> 
     </span>
     <span class='ocr_line' id='line_1_33' title="bbox 199 2413 2173 2484; baseline 0.001 -15"><span class='ocrx_word' id='word_1_405' title='bbox 199 2444 300 2482; x_wconf 84' lang='lat' dir='ltr'><strong>quae</strong></span> <span class='ocrx_word' id='word_1_406' title='bbox 330 2445 366 2470; x_wconf 89' lang='lat' dir='ltr'><strong>v.</strong></span> <span class='ocrx_word' id='word_1_407' title='bbox 391 2431 469 2471; x_wconf 81' lang='lat'><strong>195</strong></span> <span class='ocrx_word' id='word_1_408' title='bbox 499 2430 685 2471; x_wconf 89' lang='lat' dir='ltr'><strong>dicuntur</strong></span> <span class='ocrx_word' id='word_1_409' title='bbox 711 2430 763 2475; x_wconf 83' lang='lat' dir='ltr'><strong>ad</strong></span> <span class='ocrx_word' id='word_1_410' title='bbox 787 2431 974 2484; x_wconf 72' lang='lat' dir='ltr'><strong>proxima</strong></span> <span class='ocrx_word' id='word_1_411' title='bbox 1005 2430 1189 2468; x_wconf 90' lang='lat' dir='ltr'><strong>universe</strong></span> <span class='ocrx_word' id='word_1_412' title='bbox 1219 2428 1401 2468; x_wconf 88' lang='lat' dir='ltr'><strong>audiatur</strong></span> <span class='ocrx_word' id='word_1_413' title='bbox 1431 2429 1669 2479; x_wconf 83' lang='lat' dir='ltr'><strong>significatio</strong></span> <span class='ocrx_word' id='word_1_414' title='bbox 1699 2429 1775 2467; x_wconf 91' lang='lat' dir='ltr'><strong>loci</strong></span> <span class='ocrx_word' id='word_1_415' title='bbox 1804 2413 1884 2482; x_wconf 25' lang='lat' dir='ltr'><strong>*quo</strong></span> <span class='ocrx_word' id='word_1_416' title='bbox 1916 2444 2006 2469; x_wconf 87' lang='lat' dir='ltr'><strong>cum</strong></span> <span class='ocrx_word' id='word_1_417' title='bbox 2031 2431 2173 2471; x_wconf 81' lang='lat' dir='ltr'><strong>Veien-</strong></span> 
     </span>
     <span class='ocr_line' id='line_1_34' title="bbox 199 2499 2174 2553; baseline 0.001 -12"><span class='ocrx_word' id='word_1_418' title='bbox 199 2501 304 2541; x_wconf 90' lang='lat' dir='ltr'><strong>tibus</strong></span> <span class='ocrx_word' id='word_1_419' title='bbox 340 2509 470 2542; x_wconf 87' lang='lat' dir='ltr'><strong>castra</strong></span> <span class='ocrx_word' id='word_1_420' title='bbox 505 2502 744 2543; x_wconf 90' lang='lat' dir='ltr'><strong>conferenda</strong></span> <span class='ocrx_word' id='word_1_421' title='bbox 779 2502 938 2541; x_wconf 85' lang='lat' dir='ltr'><strong>fuerint.</strong></span> <span class='ocrx_word' id='word_1_422' title='bbox 983 2499 1235 2553; x_wconf 79' lang='lat' dir='ltr'><strong>Quamquam</strong></span> <span class='ocrx_word' id='word_1_423' title='bbox 1272 2500 1334 2539; x_wconf 84' lang='lat' dir='ltr'><strong>vel</strong></span> <span class='ocrx_word' id='word_1_424' title='bbox 1374 2500 1430 2539; x_wconf 90' lang='lat' dir='ltr'><strong>sic</strong></span> <span class='ocrx_word' id='word_1_425' title='bbox 1467 2499 1670 2551; x_wconf 90' lang='lat' dir='ltr'><strong>epitheton</strong></span> <span class='ocrx_word' id='word_1_426' title='bbox 1707 2500 1879 2552; x_wconf 87' lang='lat' dir='ltr'><strong>pendere</strong></span> <span class='ocrx_word' id='word_1_427' title='bbox 1915 2501 2043 2552; x_wconf 81' lang='lat' dir='ltr'><strong>dicas3</strong></span> <span class='ocrx_word' id='word_1_428' title='bbox 2091 2510 2174 2543; x_wconf 88' lang='lat' dir='ltr'><strong>tota</strong></span> 
     </span>
     <span class='ocr_line' id='line_1_35' title="bbox 198 2570 1975 2628; baseline 0 -15"><span class='ocrx_word' id='word_1_429' title='bbox 198 2579 327 2614; x_wconf 86' lang='lat' dir='ltr'><strong>autem</strong></span> <span class='ocrx_word' id='word_1_430' title='bbox 358 2575 484 2615; x_wconf 87' lang='lat' dir='ltr'><strong>oratio</strong></span> <span class='ocrx_word' id='word_1_431' title='bbox 514 2575 671 2628; x_wconf 89' lang='lat' dir='ltr'><strong>penitus</strong></span> <span class='ocrx_word' id='word_1_432' title='bbox 702 2588 870 2614; x_wconf 84' lang='lat' dir='ltr'><strong>excussa</strong></span> <span class='ocrx_word' id='word_1_433' title='bbox 898 2573 1073 2612; x_wconf 83' lang='lat' dir='ltr'><strong>fallimur</strong></span> <span class='ocrx_word' id='word_1_434' title='bbox 1102 2579 1170 2611; x_wconf 89' lang='lat' dir='ltr'><strong>aut</strong></span> <span class='ocrx_word' id='word_1_435' title='bbox 1198 2572 1275 2610; x_wconf 89' lang='lat' dir='ltr'><strong>alio</strong></span> <span class='ocrx_word' id='word_1_436' title='bbox 1306 2571 1424 2610; x_wconf 88' lang='lat' dir='ltr'><strong>ducit.</strong></span> <span class='ocrx_word' id='word_1_437' title='bbox 1466 2570 1546 2619; x_wconf 84' lang='lat' dir='ltr'><strong>Qui</strong></span> <span class='ocrx_word' id='word_1_438' title='bbox 1577 2572 1683 2610; x_wconf 92' lang='lat' dir='ltr'><strong>enim</strong></span> <span class='ocrx_word' id='word_1_439' title='bbox 1713 2572 1771 2612; x_wconf 85' lang='lat' dir='ltr'><strong>ita</strong></span> <span class='ocrx_word' id='word_1_440' title='bbox 1800 2573 1975 2625; x_wconf 92' lang='lat' dir='ltr'><strong>loquitur</strong></span> 
     </span>
     <span class='ocr_line' id='line_1_36' title="bbox 659 2646 1731 2698; baseline -0.002 -13"><span class='ocrx_word' id='word_1_441' title='bbox 659 2648 872 2686; x_wconf 70' lang='lat' dir='ltr'><strong>Carmentis</strong></span> <span class='ocrx_word' id='word_1_442' title='bbox 900 2653 1038 2698; x_wconf 84' lang='lat' dir='ltr'><strong>portae</strong></span> <span class='ocrx_word' id='word_1_443' title='bbox 1066 2647 1199 2684; x_wconf 67' lang='lat' dir='ltr'><strong>deoetro</strong></span> <span class='ocrx_word' id='word_1_444' title='bbox 1230 2653 1286 2683; x_wconf 75' lang='lat' dir='ltr'><strong>est</strong></span> <span class='ocrx_word' id='word_1_445' title='bbox 1312 2646 1377 2683; x_wconf 82' lang='lat' dir='ltr'><strong>via</strong></span> <span class='ocrx_word' id='word_1_446' title='bbox 1400 2646 1590 2696; x_wconf 77' lang='lat' dir='ltr'><strong>proxima</strong></span> <span class='ocrx_word' id='word_1_447' title='bbox 1619 2646 1731 2684; x_wconf 86' lang='lat' dir='ltr'><strong>iano:</strong></span> 
     </span>
     <span class='ocr_line' id='line_1_37' title="bbox 724 2716 1719 2771; baseline -0.001 -14"><span class='ocrx_word' id='word_1_448' title='bbox 724 2719 788 2757; x_wconf 81' lang='lat' dir='ltr'><strong>Ire</strong></span> <span class='ocrx_word' id='word_1_449' title='bbox 814 2732 887 2771; x_wconf 85' lang='lat' dir='ltr'><strong>per</strong></span> <span class='ocrx_word' id='word_1_450' title='bbox 915 2718 1015 2757; x_wconf 77' lang='lat' dir='ltr'><strong>hanc</strong></span> <span class='ocrx_word' id='word_1_451' title='bbox 1042 2718 1138 2766; x_wconf 84' lang='lat' dir='ltr'><strong>noli,</strong></span> <span class='ocrx_word' id='word_1_452' title='bbox 1171 2717 1346 2769; x_wconf 67' lang='lat' dir='ltr'><strong>quisquis</strong></span> <span class='ocrx_word' id='word_1_453' title='bbox 1376 2730 1436 2755; x_wconf 65' lang='grc' dir='ltr'><strong>εει</strong></span> <span class='ocrx_word' id='word_1_454' title='bbox 1467 2729 1577 2755; x_wconf 88' lang='lat' dir='ltr'><strong>omen</strong></span> <span class='ocrx_word' id='word_1_455' title='bbox 1606 2716 1719 2756; x_wconf 76' lang='lat' dir='ltr'><strong>habet</strong></span> 
     </span>
    </p>

    <p class='ocr_par' dir='ltr' id='par_1_3' title="bbox 196 2787 2168 2914">
     <span class='ocr_line' id='line_1_38' title="bbox 196 2787 2168 2842; baseline 0.001 -14"><span class='ocrx_word' id='word_1_456' title='bbox 196 2789 229 2829; x_wconf 91' lang='lat' dir='ltr'><strong>is</strong></span> <span class='ocrx_word' id='word_1_457' title='bbox 254 2787 351 2829; x_wconf 88' lang='lat' dir='ltr'><strong>duas</strong></span> <span class='ocrx_word' id='word_1_458' title='bbox 373 2790 591 2830; x_wconf 86' lang='lat' dir='ltr'><strong>sententias</strong></span> <span class='ocrx_word' id='word_1_459' title='bbox 612 2790 654 2830; x_wconf 91' lang='lat' dir='ltr'><strong>in</strong></span> <span class='ocrx_word' id='word_1_460' title='bbox 684 2805 802 2830; x_wconf 89' lang='lat' dir='ltr'><strong>unum</strong></span> <span class='ocrx_word' id='word_1_461' title='bbox 827 2789 1036 2842; x_wconf 87' lang='lat' dir='ltr'><strong>complecti</strong></span> <span class='ocrx_word' id='word_1_462' title='bbox 1057 2788 1212 2828; x_wconf 86' lang='lat' dir='ltr'><strong>videtur</strong></span> <span class='ocrx_word' id='word_1_463' title='bbox 1242 2795 1283 2826; x_wconf 90' lang='lat' dir='ltr'><strong>ut</strong></span> <span class='ocrx_word' id='word_1_464' title='bbox 1303 2787 1513 2826; x_wconf 88' lang='lat' dir='ltr'><strong>admoneat</strong></span> <span class='ocrx_word' id='word_1_465' title='bbox 1543 2801 1632 2826; x_wconf 92' lang='lat' dir='ltr'><strong>eum</strong></span> <span class='ocrx_word' id='word_1_466' title='bbox 1664 2802 1952 2842; x_wconf 85' lang='lat' dir='ltr'><strong>quemcumque</strong></span> <span class='ocrx_word' id='word_1_467' title='bbox 1983 2791 2168 2842; x_wconf 83' lang='lat' dir='ltr'><strong>appellat,</strong></span> 
     </span>
     <span class='ocr_line' id='line_1_39' title="bbox 196 2860 2168 2914; baseline 0.001 -15"><span class='ocrx_word' id='word_1_468' title='bbox 196 2861 229 2900; x_wconf 92' lang='lat' dir='ltr'><strong>si</strong></span> <span class='ocrx_word' id='word_1_469' title='bbox 259 2860 440 2913; x_wconf 87' lang='lat' dir='ltr'><strong>proxima</strong></span> <span class='ocrx_word' id='word_1_470' title='bbox 460 2862 525 2901; x_wconf 90' lang='lat' dir='ltr'><strong>via</strong></span> <span class='ocrx_word' id='word_1_471' title='bbox 545 2863 597 2902; x_wconf 93' lang='lat' dir='ltr'><strong>sit</strong></span> <span class='ocrx_word' id='word_1_472' title='bbox 618 2862 755 2902; x_wconf 85' lang='lat' dir='ltr'><strong>dextro</strong></span> <span class='ocrx_word' id='word_1_473' title='bbox 776 2863 866 2902; x_wconf 88' lang='lat' dir='ltr'><strong>iano</strong></span> <span class='ocrx_word' id='word_1_474' title='bbox 888 2868 1024 2914; x_wconf 88' lang='lat' dir='ltr'><strong>portae</strong></span> <span class='ocrx_word' id='word_1_475' title='bbox 1045 2860 1282 2910; x_wconf 89' lang='lat' dir='ltr'><strong>Carmentis,</strong></span> <span class='ocrx_word' id='word_1_476' title='bbox 1313 2874 1362 2898; x_wconf 90' lang='lat' dir='ltr'><strong>ne</strong></span> <span class='ocrx_word' id='word_1_477' title='bbox 1383 2874 1453 2912; x_wconf 91' lang='lat' dir='ltr'><strong>per</strong></span> <span class='ocrx_word' id='word_1_478' title='bbox 1472 2860 1576 2899; x_wconf 87' lang='lat' dir='ltr'><strong>hanc</strong></span> <span class='ocrx_word' id='word_1_479' title='bbox 1597 2862 1704 2900; x_wconf 88' lang='lat' dir='ltr'><strong>viam</strong></span> <span class='ocrx_word' id='word_1_480' title='bbox 1735 2868 1869 2913; x_wconf 88' lang='lat' dir='ltr'><strong>utpote</strong></span> <span class='ocrx_word' id='word_1_481' title='bbox 1899 2862 1993 2901; x_wconf 86' lang='lat' dir='ltr'><strong>mali</strong></span> <span class='ocrx_word' id='word_1_482' title='bbox 2024 2864 2168 2902; x_wconf 88' lang='lat' dir='ltr'><strong>ominis</strong></span> 
     </span>
    </p>
   </div>
   <div class='ocr_carea' id='block_1_3' title="bbox 392 3011 1903 3106">
    <p class='ocr_par' dir='ltr' id='par_1_4' title="bbox 392 3011 1903 3106">
     <span class='ocr_line' id='line_1_40' title="bbox 392 3011 1733 3055; baseline 0.001 -10"><span class='ocrx_word' id='word_1_483' title='bbox 392 3013 425 3054; x_wconf 89' lang='lat'><strong>*)</strong></span> <span class='ocrx_word' id='word_1_484' title='bbox 450 3013 536 3047; x_wconf 86' lang='lat' dir='ltr'><strong>Vide</strong></span> <span class='ocrx_word' id='word_1_485' title='bbox 561 3014 600 3048; x_wconf 91' lang='grc' dir='ltr'><strong>Ο.</strong></span> <span class='ocrx_word' id='word_1_486' title='bbox 616 3013 818 3048; x_wconf 87' lang='lat' dir='ltr'><strong>Richterum</strong></span> <span class='ocrx_word' id='word_1_487' title='bbox 844 3015 929 3048; x_wconf 84' lang='lat' dir='ltr'><strong>haec</strong></span> <span class='ocrx_word' id='word_1_488' title='bbox 953 3013 1092 3047; x_wconf 75' lang='lat' dir='ltr'><strong>on-dani</strong></span> <span class='ocrx_word' id='word_1_489' title='bbox 1115 3012 1325 3046; x_wconf 85' lang='lat' dir='ltr'><strong>refutantem</strong></span> <span class='ocrx_word' id='word_1_490' title='bbox 1349 3012 1384 3045; x_wconf 90' lang='lat' dir='ltr'><strong>in</strong></span> <span class='ocrx_word' id='word_1_491' title='bbox 1408 3011 1528 3046; x_wconf 88' lang='lat' dir='ltr'><strong>Herm.</strong></span> <span class='ocrx_word' id='word_1_492' title='bbox 1549 3014 1586 3046; x_wconf 84' lang='lat'><strong>17</strong></span> <span class='ocrx_word' id='word_1_493' title='bbox 1611 3024 1642 3055; x_wconf 90' lang='lat' dir='ltr'><strong>p.</strong></span> <span class='ocrx_word' id='word_1_494' title='bbox 1660 3014 1733 3046; x_wconf 81' lang='lat'><strong>427.</strong></span> 
     </span>
     <span class='ocr_line' id='line_1_41' title="bbox 1860 3071 1903 3106; baseline 0 -17"><span class='ocrx_word' id='word_1_495' title='bbox 1860 3071 1903 3106; x_wconf 59' lang='grc'><strong>2*</strong></span> 
     </span>
    </p>
   </div>
  </div>
 </body>
</html>
