2466 3370
1191 103 1241 142 15

546 213 626 252 300
754 211 843 252 Huc
871 214 976 252 venit
1003 220 1038 252 et
1054 213 1170 264 fonti
1195 227 1266 252 rea·
1294 212 1429 251 Numa
1459 220 1601 251 mactat
1631 227 1747 251 ovem.

498 291 533 338 3,
552 289 630 327 567
689 290 847 327 Fertilis
876 298 932 327 est
960 290 1092 328 Melite
1120 292 1244 328 sterili
1271 292 1401 328 vicina
1431 290 1600 341 Cosyrae

756 361 904 409 Insula,
937 376 1057 411 quam
1088 362 1230 413 Libyci
1256 361 1432 401 verberat
1460 362 1566 401 unda
1585 361 1699 412 freti.

688 432 805 472 Hanc
833 434 940 485 petit.

498 511 533 560 3,
552 510 628 550 581
690 509 763 549 Est
786 524 914 563 prope
940 511 1113 562 piscosos
1143 510 1319 564 lapidosi
1346 510 1543 549 Crathidis
1574 523 1704 548 amnes

754 582 911 621 Parvus
940 596 1054 636 aqer:
1084 584 1267 622 Canaeren
1297 583 1425 622 incola
1455 583 1569 621 turba
1598 591 1720 622 vocat.

688 654 788 692 Illuc
818 669 952 693 cursus
981 663 1074 693 erat.

498 732 535 780 3,
554 732 630 770 667
694 730 792 770 Orta
821 731 1055 771 suburbanis
1086 733 1279 784 quaedam
1296 731 1386 783 fuit
1416 732 1534 770 Anna
1557 731 1737 779 Bovillis,

756 803 930 855 Pauper,
962 804 1030 842 sed
1057 804 1202 843 multae
1228 804 1448 843 sedulitatis
1476 817 1588 842 anus.

687 873 765 912 Illa
793 875 869 912 levi
895 876 1013 912 mitra
1043 888 1159 913 canos
1188 875 1372 913 redimita
1402 875 1566 926 capillos

754 945 948 998 Finyebat
977 946 1140 984 tremula
1170 946 1317 985 rustica
1348 945 1429 984 liba
1458 959 1589 984 manu.

497 1030 532 1078 3,
553 1029 631 1068 799
689 1030 817 1068 Matre
845 1038 952 1069 satus
987 1029 1124 1079 Terra,
1155 1037 1369 1069 monstrum
1398 1029 1590 1077 mirabile,
1622 1038 1772 1075 taurus,

753 1102 875 1140 Parte
903 1104 967 1141 sui
993 1116 1149 1154 serpens
1174 1104 1402 1154 posteriore,
1421 1102 1521 1153 fuit.

686 1173 805 1212 Hune
835 1174 988 1227 triplici
1013 1188 1124 1213 muro
1155 1175 1252 1212 lucis
1280 1175 1493 1213 incluserat
1522 1176 1619 1212 atris
1652 1195 1699 1199 —

496 1257 532 1305 4,
552 1257 630 1295 305
688 1257 855 1296 Claudia
887 1257 1033 1306 Quinta
1060 1272 1182 1309 yetzus
1213 1258 1353 1296 Clauso
1383 1257 1575 1308 referebat
1605 1257 1653 1295 ab
1683 1257 1759 1295 olto

754 1328 837 1366 Nec
854 1328 987 1379 facies
1015 1331 1148 1380 impar
1175 1329 1375 1367 nobilitate
1392 1329 1493 1379 fuit.
1527 1350 1576 1355 ——
1611 1350 1657 1355 —

556 1411 634 1450 313
691 1410 803 1449 Haec
832 1410 902 1450 ubi
928 1419 1124 1450 castarum
1149 1414 1341 1465 processit
1370 1412 1418 1450 ab
1449 1413 1604 1465 aqmine
1631 1420 1799 1451 matrum
1833 1432 1881 1438 —

494 1495 531 1544 4,
552 1495 627 1533 337
688 1494 761 1532 Est
790 1495 895 1533 locus
925 1496 968 1533 in
1002 1495 1174 1534 Tiberim
1205 1510 1283 1547 qua
1314 1496 1485 1534 lubricus
1515 1497 1644 1547 influit
1672 1495 1787 1534 Alma

751 1566 805 1605 Et
832 1580 970 1606 nomen
999 1582 1140 1620 mayno
1168 1569 1299 1619 perdit
1326 1569 1369 1607 in
1399 1582 1511 1607 amne
1540 1570 1680 1607 minor.

678 1637 773 1687 vIllic
797 1652 1003 1691 purpurea
1034 1653 1155 1678 canus
1186 1654 1271 1678 cum
1300 1647 1399 1679 veste
1427 1641 1608 1679 sacerdos
1641 1661 1688 1666 —
1723 1661 1772 1665 —

494 1721 530 1770 4,
548 1722 626 1760 427
698 1722 800 1760 Valle
829 1722 898 1759 sub
928 1723 1110 1760 umbrosa
1140 1724 1245 1760 locus
1275 1732 1331 1760 est
1358 1725 1565 1774 asperqine
1595 1724 1714 1761 mulla

760 1793 905 1831 Ueidus
935 1807 981 1832 ex
1010 1793 1088 1832 alto
1119 1794 1331 1835 desilientis
1361 1808 1497 1845 aquae.

691 1863 764 1904 Tot
780 1862 998 1916 fueranffl)
1028 1864 1110 1905 illic
1141 1872 1233 1917 quot
1262 1864 1374 1904 habet
1401 1872 1545 1903 natura
1575 1865 1720 1903 colores
1753 1889 1802 1894 —-

227 1919 289 1958 Cf.
314 1920 407 1957 ibid.
430 1921 509 1959 419
532 1935 583 1958 ss.

494 2003 531 2050 4,
550 2003 624 2043 491
689 2003 782 2043 Alta
812 2004 910 2043 iacet
938 2004 1041 2043 vasti
1067 2017 1184 2057 super
1214 2017 1285 2043 ora
1320 2002 1523 2057 Typhoeos
1556 2004 1690 2050 Aetne,

755 2075 874 2114 Cuius
904 2076 1095 2115 anhelatis
1124 2077 1281 2128 iynibus
1310 2078 1421 2116 ardet
1449 2077 1598 2115 humus.

686 2148 775 2187 Illic
804 2150 980 2188 accendit
1006 2150 1180 2201 yeminas
1207 2163 1282 2201 pro
1314 2149 1652 2202 lampadepinus.

496 2231 532 2281 4,
553 2231 632 2269 495
690 2231 762 2269 Est
791 2245 927 2283 specus
957 2234 1062 2270 exesi
1088 2239 1285 2270 structura
1310 2233 1479 2283 pumicis
1509 2245 1635 2283 asper,

754 2304 846 2342 Non
876 2304 1026 2342 homini
1051 2306 1173 2355 reyio,
1205 2318 1282 2341 non
1312 2305 1494 2341 adeunda
1511 2303 1648 2353 ferae:

687 2371 777 2422 Quo
807 2375 926 2414 simul
952 2390 999 2414 ac
1028 2376 1131 2414 venit
1161 2397 1210 2402 —

495 2457 531 2507 4,
550 2457 630 2496 649
690 2456 803 2497 Silva
832 2465 938 2497 vetus
966 2457 1154 2510 nullaque
1183 2458 1253 2496 diu
1282 2457 1430 2496 violata
1459 2458 1586 2495 securi

756 2529 905 2578 Stabat,
937 2529 1138 2567 Alaenalio
1168 2543 1282 2567 sacra
1312 2530 1449 2567 relicta
1477 2530 1545 2566 deo
1580 2549 1622 2553 —
1660 2549 1705 2553 —-

913 2603 976 2641 hic
1002 2604 1178 2653 9eminas
1208 2617 1277 2641 rea:
1308 2602 1440 2641 Numa
1469 2609 1610 2640 mactat
1639 2615 1735 2639 oves.

425 2721 457 2761 *)
482 2721 688 2753 Dubitamus
712 2731 812 2762 quam
838 2725 932 2754 recte
954 2722 1079 2755 Petrus
1104 2723 1252 2754 suberant
1275 2721 1424 2754 ediderit
1448 2731 1508 2762 pro
1533 2730 1572 2752 eo
1590 2719 1680 2760 quod
1696 2718 1801 2752 estin
1820 2719 1918 2752 libris
1935 2719 2075 2758 fuerant.
2110 2719 2201 2753 Illud

226 2779 306 2819 quid
337 2779 513 2821 significet
539 2792 581 2814 ex
611 2782 642 2821 3,
660 2783 734 2822 295,
759 2782 788 2822 2,
808 2783 872 2815 703
901 2792 976 2816 cum
1001 2782 1096 2816 Petri
1118 2783 1208 2822 adn„
1233 2783 1263 2823 4,
1280 2784 1346 2816 570
1368 2780 1607 2824 cognoscitur,
1637 2780 1695 2813 sed
1720 2780 1754 2813 in
1780 2780 1870 2814 hunc
1894 2780 2002 2814 locum
2028 2781 2200 2822 quadrare

224 2847 293 2872 non
322 2838 475 2883 videtur,
507 2840 537 2874 si
567 2840 703 2883 quidem
735 2841 913 2875 sententia
942 2842 1028 2876 haec
1058 2846 1112 2875 est
1130 2843 1207 2875 ‘sub
1236 2843 1395 2875 umbrosa
1419 2841 1508 2875 valle
1541 2841 1635 2873 locus
1660 2840 1783 2873 uvidus
1808 2846 1878 2874 est:
1908 2842 1943 2874 iu
1969 2852 2008 2874 eo
2034 2843 2107 2875 loco
2133 2852 2201 2874 non

226 2900 395 2933 suberant
418 2902 479 2934 sed
504 2907 608 2935 erant
630 2907 685 2936 tot
708 2903 810 2936 flores
835 2907 919 2944 quot
942 2908 1069 2937 natura
1086 2903 1209 2937 habet?
1247 2904 1313 2936 Pro
1332 2908 1422 2935 erant
1436 2905 1551 2935 autem
1569 2912 1672 2944 saepe
1690 2902 1781 2945 apud
1798 2902 1887 2935 hunc
1904 2909 2041 2945 poetam
2059 2907 2095 2936 et
2111 2903 2200 2945 apud

225 2959 312 2994 alios
330 2960 469 3003 fuerant
490 2962 569 3006 poni
594 2963 707 2998 solere
734 2968 890 2998 constat:
916 2964 1070 3007 exempla
1094 2964 1261 3006 quaedam
1286 2963 1388 2997 affert
1404 2962 1591 2997 Merkelius
1616 2962 1651 2996 iu
1675 2964 1786 3006 praef.
1804 2963 1932 2997 tertiae
1956 2963 2037 2996 edit.
2056 2964 2100 2996 ad
2117 2964 2149 2995 Ιι.
2164 2964 2202 3000 Ι.;

225 3021 295 3054 alia
318 3020 492 3065 Hauptius
516 3023 561 3056 ad
585 3025 723 3057 Metam.
748 3026 779 3066 3,
804 3026 868 3058 (330
892 3024 1080 3067 adscripsit
1102 3016 1349 3067 possumusque
1374 3024 1483 3057 multa
1508 3024 1646 3057 addere.
