2466 3370
1208 99 1230 139 ‘1

498 213 535 263 4,
554 212 634 251 949
693 210 821 263 Aufer
860 211 970 251 Vesta
999 212 1111 251 diem.
1144 212 1301 264 coquati
1341 211 1450 250 Vecta
1478 219 1631 264 recepta
1659 219 1714 250 est

759 283 923 322 Limine.
960 285 1017 322 sie
1042 284 1140 322 iusti
1166 285 1395 322 constituere
1417 291 1564 335 patres.

694 355 872 394 Phoebus
901 355 1013 394 habet
1039 363 1205 407 partem,
1244 355 1377 394 Vestae
1404 369 1500 407 pars
1529 355 1651 394 altera
1681 356 1806 404 cessit,

761 425 878 475 Quod
904 433 1079 479 superest
1105 426 1198 476 illis,
1230 427 1365 466 tertius
1394 427 1479 480 ipse
1507 434 1614 465 tenet.

692 497 802 537 State
831 497 1037 537 Palatinae
1067 498 1200 538 laurus
1230 504 1513 551 praetextaque
1543 511 1691 550 quercu

758 567 845 607 Stet
874 569 1032 608 domus:
1064 576 1245 608 aeternos
1275 576 1356 608 tres
1387 569 1507 608 habet
1536 584 1615 607 una
1644 569 1752 608 deos.

231 640 344 680 Haec
372 641 565 693 exempla,
598 655 647 679 ex
677 640 821 693 quibus
843 646 996 680 tantum
1027 640 1208 680 dedimus
1238 646 1430 693 quantum
1461 640 1558 680 satis
1585 647 1669 680 erat
1698 640 1748 679 ad
1770 639 2078 691 significandum
2100 639 2202 692 quod

234 713 412 752 volumus
443 712 512 752 sed
543 727 643 766 quae
673 712 739 765 qui
769 713 927 765 penitus
949 712 1166 751 diiudicare
1196 713 1292 752 velit
1322 726 1392 752 suo
1424 719 1560 751 tenore
1590 713 1777 764 inspiciat
1805 726 1969 751 necesse
2000 719 2075 761 est,
2107 711 2205 750 haec

231 785 352 835 igitur
386 785 569 837 exempla
598 786 663 837 qui
695 799 785 824 cum
814 799 909 823 cura
942 785 1202 837 perspexerit,
1239 784 1437 836 intelliget
1467 782 1656 823 Ovidium
1694 785 1733 823 in
1771 784 1951 836 partibus
1981 783 2112 835 operis
2143 784 2203 822 sui

231 857 485 895 artificiosam
526 857 725 908 quandam
767 856 1027 896 concludendi
1064 857 1259 895 rationem
1295 856 1436 896 sectari
1475 856 1543 895 sed
1579 856 1635 895 ita
1672 856 1935 895 ut-extremis
1980 855 2207 908 praemittat

232 937 332 975 quae
362 922 441 961 illis
473 937 542 974 pro
571 923 828 967 fundamento
859 942 945 967 esse
975 928 1141 980 possint.
1191 928 1326 980 Atque
1356 927 1430 966 hoc
1461 933 1521 966 est
1550 927 1646 966 illud
1679 927 1942 979 componendi
1973 940 2097 978 genus
2127 940 2205 978 quo

231 994 430 1034 declarato
455 997 692 1048 putabamus
714 998 908 1038 vindicari
929 1013 1045 1050 posse
1066 1000 1196 1038 locum
1217 1013 1240 1038 a
1260 1013 1336 1051 quo
1358 999 1619 1051 disceptando
1641 999 1856 1051 disputatio
1879 1007 2014 1037 nostra
2048 998 2204 1036 initium

230 1067 335 1107 fecit.
394 1065 501 1117 Quid
531 1070 654 1122 enim,
694 1077 736 1110 ut
765 1071 839 1111 hoc
871 1077 1043 1122 utamur,
1083 1071 1142 1111 illi
1172 1071 1342 1111 similius
1378 1085 1465 1110 esse
1495 1077 1626 1124 potest
1656 1085 1774 1123 quam
1805 1070 1902 1110 haec
1933 1070 2073 1109 ultima
2106 1083 2205 1122 quae

230 1140 447 1191 attulimus,
476 1142 617 1193 quibus
644 1150 807 1195 apparet
831 1150 911 1182 tres
933 1150 1065 1195 partes
1087 1143 1227 1182 domus
1249 1143 1421 1182 describi
1449 1158 1484 1181 v.
1508 1144 1601 1182 951.
1619 1143 1711 1191 952,
1735 1150 1777 1180 ut
1799 1142 1943 1181 habeat
1963 1148 2080 1194 poeta
2100 1141 2205 1193 quod

231 1212 352 1251 addat
373 1214 556 1265 precibus
579 1214 663 1254 Stet
681 1216 837 1254 domus.-
867 1223 1041 1254 aeternos
1061 1223 1136 1254 tres
1156 1214 1269 1254 habet
1287 1230 1366 1253 una
1395 1216 1497 1253 deos.
1542 1214 1620 1253 Vel
1646 1214 1829 1266 exemplo
1850 1213 2094 1266 paenultimo
2115 1213 2205 1265 quis

231 1299 309 1324 non
347 1285 453 1325 videt
484 1292 640 1338 poetam
670 1287 784 1326 finita
814 1301 944 1327 rerum
969 1288 1161 1326 memoria
1191 1301 1385 1326 summam
1416 1286 1625 1339 complecti
1658 1287 1857 1325 sententia
1896 1285 1995 1324 Urbs
2025 1287 2176 1325 oritur.
2195 1316 2204 1325 .

228 1358 411 1396 victorem
451 1360 565 1397 terris
599 1360 834 1411 impositura
861 1360 1020 1412 pedem,
1062 1373 1139 1411 quo
1176 1358 1421 1397 commodius
1457 1357 1549 1396 huic
1585 1358 1847 1396 subiiciantur
1881 1372 2031 1410 preces.
2091 1357 2204 1406 Quae

230 1428 335 1479 quod
366 1428 513 1467 habent
543 1430 618 1468 861
639 1444 670 1469 s.
700 1431 755 1469 Et
783 1433 959 1482 quotiens
987 1432 1135 1469 steteris
1164 1431 1309 1469 domito
1339 1430 1515 1468 sublimis
1545 1431 1587 1467 in
1616 1429 1724 1476 orbe,
1758 1429 1903 1468 Omnia
1931 1432 2010 1468 sint
2037 1430 2206 1468 humeris

229 1501 423 1550 inferiora
458 1503 534 1539 tuis
571 1501 824 1540 manifestum
861 1508 922 1541 est
956 1508 1113 1554 poetam
1147 1501 1276 1541 redire
1310 1500 1360 1540 ad
1396 1514 1482 1540 eam
1514 1515 1632 1552 quam
1667 1508 1758 1539 ante
1794 1502 1926 1553 posuit
1961 1501 2203 1554 praeclaram

238 1572 352 1611 Urbis
380 1573 594 1624 imaginem
623 1575 805 1612 victorem
835 1575 948 1613 terris
976 1575 1233 1626 impositurae
1257 1574 1397 1625 pedem
1426 1586 1591 1625 eamque
1628 1572 1835 1625 repetitam
1871 1573 2090 1612 absolvere.
2151 1571 2205 1612 Ut

230 1658 354 1696 paene
384 1644 617 1684 incredibile
648 1644 839 1695 videatur,
872 1645 947 1685 hoe
967 1651 1187 1685 extremum
1219 1644 1430 1694 distichon,
1463 1658 1540 1697 quo
1571 1643 1669 1682 nihil
1695 1644 1822 1695 magis
1844 1643 2087 1683 ovidianum
2118 1658 2205 1683 esse

230 1723 371 1768 potest,
402 1717 637 1768 interpretes
669 1717 891 1769 vituperare
921 1723 989 1756 aut
1018 1718 1176 1755 criticos
1207 1718 1257 1755 ab
1289 1716 1435 1755 Ovidio
1465 1716 1706 1755 abiudicare.

426 1788 505 1827 Sed
535 1789 597 1827 his
625 1789 817 1840 exemplis
839 1790 871 1827 si
894 1789 990 1840 quid
1019 1789 1121 1827 forte
1148 1788 1362 1840 profecisse
1383 1789 1703 1828 existimabimur
1735 1788 1788 1826 uti
1811 1788 1950 1828 licebit
1971 1795 2010 1827 et
2030 1789 2203 1828 maxime

229 1867 404 1899 extremo
435 1874 483 1900 ex
514 1860 561 1899 iis
591 1860 640 1899 ad
672 1860 879 1900 tutandum
911 1860 1039 1900 locum
1070 1860 1237 1900 alterum
1267 1860 1479 1900 Fastorum
1505 1873 1622 1912 quem
1653 1859 1831 1912 plerique
1862 1874 1999 1900 omnes
2029 1860 2202 1913 interpo-

229 1931 356 1971 latrici
387 1945 505 1971 manu
536 1938 693 1971 auctum
723 1946 811 1972 esse
841 1932 1026 1971 clamant.

426 2004 463 2041 2.
520 2003 566 2041 In
598 2010 773 2042 extremo
803 2004 905 2042 libro
936 2010 1046 2042 sexto
1078 2003 1167 2042 Clio
1197 2004 1317 2041 refert
1346 2004 1420 2041 hoc
1449 2005 1702 2054 praeconium
1735 2003 1910 2041 Marciae
1940 2018 1963 2041 a
1995 2018 2027 2041 v.
2047 2004 2121 2042 801

689 2075 758 2114 Sic
787 2090 866 2126 eqo.
910 2077 965 2114 sic
994 2075 1090 2115 Clio.
1135 2075 1246 2114 Clari
1272 2082 1518 2114 monumenta
1550 2073 1735 2126 Philippi

756 2148 925 2200 Aspicis,
955 2147 1057 2186 unde
1085 2146 1206 2186 trahit
1233 2146 1391 2185 Marcia
1418 2152 1526 2185 casta
1551 2158 1684 2197 qenus³

690 2218 856 2269 Mareia,
887 2220 1066 2274 sacrzfico
1096 2219 1300 2257 deductum
1328 2230 1465 2257 nomen
1495 2217 1542 2256 ab
1574 2218 1698 2265 Anco,

757 2291 805 2329 In
837 2305 916 2344 qua
938 2305 1021 2344 par
1038 2291 1171 2342 facies
1199 2290 1398 2329 nobilitate
1426 2304 1510 2327 sua.

550 2363 630 2402 805
687 2362 766 2401 Par
794 2364 927 2402 animo
957 2377 1113 2415 quoque
1142 2363 1269 2402 forma
1298 2377 1368 2402 suo
1399 2361 1621 2413 respondet.
1666 2361 1705 2398 in
1737 2359 1805 2398 illa

754 2434 807 2475 Et
835 2449 959 2486 genus
989 2442 1028 2474 et
1055 2434 1178 2475 facies
1207 2434 1487 2486 ingeniumque
1517 2431 1645 2472 simul.

690 2507 772 2546 Nec
801 2509 908 2560 quod
937 2508 1143 2547 laudamus
1161 2507 1354 2559 formam,
1387 2514 1426 2545 tu
1457 2513 1568 2557 turpe
1595 2505 1770 2557 putaris:

754 2579 984 2619 Laudamus
1013 2593 1176 2632 maynas
1204 2579 1277 2617 hac
1307 2591 1458 2630 quoque
1480 2584 1597 2630 parte
1625 2577 1728 2614 deas.

226 2650 275 2689 In
304 2650 366 2691 his
397 2652 577 2691 versibus
608 2652 855 2704 explicandis
886 2652 1174 2704 proficiscimur
1203 2666 1226 2690 a
1255 2651 1386 2690 verbis
1417 2646 1531 2701 (804)
1563 2649 1611 2687 In
1642 2662 1721 2701 qua
1739 2662 1820 2700 par
1837 2647 1971 2699 facies
2000 2646 2201 2686 nobilitate

226 2736 309 2762 sua.
355 2721 468 2772 Quae
488 2723 629 2763 Petrus
650 2725 706 2763 ita
726 2725 871 2776 accipit
888 2731 932 2763 ut
951 2724 1000 2763 ad
1018 2738 1108 2776 par,
1139 2738 1189 2763 ne
1210 2724 1299 2776 quis
1319 2737 1409 2762 cum
1428 2722 1602 2761 ablativo
1624 2722 1798 2761 nominis
1819 2721 2005 2772 coniungi
2028 2728 2198 2770 censeat,

228 2792 405 2833 dativum
435 2796 546 2835 Anco
575 2795 703 2834 audiri
734 2796 846 2834 velit:
884 2796 924 2834 in
955 2809 1034 2848 qua
1062 2795 1183 2834 facies
1218 2795 1426 2833 nobilitate
1461 2807 1533 2832 sua
1560 2794 1677 2832 Anco
1708 2807 1780 2844 par
1809 2793 1894 2831 fuit.
1940 2792 2200 2844 Eandemque

227 2865 451 2916 explicandi
483 2868 676 2906 rationem
708 2868 922 2907 simillimis
952 2868 1085 2907 verbis
1115 2867 1298 2907 adhibuit
1327 2880 1427 2918 quae
1457 2865 1498 2904 in
1527 2872 1666 2917 quarto
1698 2865 1883 2917 leguntur
1913 2865 1993 2904 306

687 2938 855 2979 Claudia
886 2940 1031 2988 Quinta
1057 2952 1179 2992 yenus
1209 2938 1350 2978 Clauso
1379 2937 1569 2989 referebat
1597 2936 1645 2975 ab
1676 2937 1770 2985 alto,

751 3012 835 3049 Nec
853 3012 986 3062 facies
1014 3013 1146 3063 impar
1174 3010 1375 3049 nobilitate
1393 3010 1490 3061 fuit.
