2466 3370
1185 102 1234 142 13

489 213 526 262 ἵ),
545 212 620 251 321
683 211 896 251 Florebant
925 212 1046 252 oleae:
1078 214 1182 252 venti
1208 227 1372 252 nocuere
1399 214 1592 265 protervi,-

746 283 959 323 Florebant
985 292 1144 338 segetes:
1171 286 1367 338 yrandine
1395 286 1501 324 laesa
1530 285 1658 335 Ceres3

682 356 730 394 In
759 370 828 409 epe
856 358 944 395 vitis
974 365 1075 396 erat:
1105 358 1252 396 caelum
1280 359 1465 410 niqreecit
1493 358 1541 396 ab
1572 360 1729 396 austris.

221 427 333 476 Quae
364 428 431 480 qui
468 427 679 466 contulerit
714 441 803 467 cum
834 429 870 479 5,
904 428 1121 468 263——265
1151 431 1188 468 εἰ
1214 429 1306 469 bene
1323 431 1537 481 floruem'nt
1565 437 1722 482 seyetes,
1759 432 1832 469 erit
1861 444 1954 468 area
1984 430 2091 469 dives
2122 437 2194 468 cet.

220 499 376 539 illorum
407 498 627 538 orationem
657 505 762 537 recte
792 499 1030 539 aestimabit.
1075 499 1192 540 Adde

491 572 524 620 1,
544 571 623 609 315
681 571 898 609 Institerint
924 585 1070 610 nonae:
1099 574 1211 610 missi
1238 572 1311 611 tibi
1336 572 1504 611 nubibus
1534 575 1631 611 atris

738 642 873 695 'Siqua
902 642 1051 681 dabunt
1078 644 1217 682 imbres
1249 665 1298 669 —

488 714 524 763 2,
542 713 622 751 453
683 713 782 752 Orta
809 715 891 753 diee
909 715 1057 766 fuerit:
1088 723 1128 754 tu
1157 717 1288 754 desine
1317 716 1471 754 credere
1499 717 1636 754 ventis.

219 785 285 825 Ad
315 784 455 824 horum
485 784 605 836 igitur
641 785 911 838 exemplorum
948 786 1248 826 similitudinem
1278 786 1313 826 si
1345 786 1505 826 distichi
1536 787 1644 826 illius
1684 786 1903 826 orationem
1936 787 2195 839 probabiliter

220 856 497 897 constituimus

681 929 894 970 Carmenti8
917 938 1059 984 portae
1087 932 1221 971 dextro
1252 939 1306 970 est
1333 932 1399 970 via
1426 933 1613 983 proatima
1642 932 1756 970 iano:

748 1003 811 1041 Ire
837 1017 910 1055 per
937 1004 1037 1042 hanc
1064 1003 1158 1055 noli,
1190 1005 1368 1056 quisquis
1399 1018 1456 1042 es:
1487 1017 1596 1042 omen
1624 1003 1751 1052 habet,

220 1074 478 1125 intelligimus
499 1081 657 1126 poetam
678 1074 752 1114 hac
781 1075 913 1128 lepida
941 1076 1080 1126 forma,
1112 1090 1201 1115 cum
1223 1077 1358 1116 nescio
1389 1090 1505 1128 quem
1537 1076 1650 1128 quasi
1671 1090 1741 1128 per
1762 1089 1985 1115 sermonem
2005 1075 2192 1127 appellat,

221 1146 324 1184 viam
355 1145 471 1184 istam
504 1159 604 1197 quae
635 1145 773 1187 dextro
803 1147 893 1186 iano
929 1154 1065 1200 portae
1096 1140 1363 1188 Carmentalis
1403 1148 1521 1186 ducat
1551 1148 1777 1187 describere
1808 1148 1857 1186 ab
1889 1160 2013 1198 eaque
2045 1147 2109 1185 via
2138 1147 2195 1185 in-

221 1217 349 1255 eunda
379 1218 524 1269 quippe
546 1217 648 1257 male
678 1219 855 1258 ominata
878 1219 1078 1258 dehortari
1110 1220 1226 1259 velle.
1272 1218 1352 1258 Sed
1383 1220 1461 1258 iam
1488 1220 1715 1271 quaerimus
1745 1219 1840 1271 quid
1862 1218 2008 1258 Ovidio
2039 1219 2195 1257 consilii

219 1288 336 1328 fuerit
355 1288 453 1328 haec
474 1291 702 1342 exponenti,
734 1291 799 1343 qui
823 1290 894 1330 has
915 1305 979 1331 res
1010 1291 1196 1331 videlicet
1216 1306 1295 1331 non
1317 1292 1424 1344 ipsas
1446 1298 1585 1344 suapte
1616 1305 1737 1331 causa
1758 1291 1942 1330 retulisse
1973 1290 2194 1330 censendus

220 1367 291 1399 est.
336 1361 388 1400 Et
418 1368 567 1413 tamen,
606 1363 639 1402 si
669 1377 825 1414 revera,
857 1363 1189 1415 quemadmodum
1221 1370 1282 1403 est
1312 1364 1352 1402 in
1382 1363 1489 1402 Petri
1521 1363 1755 1415 exemplari,
1794 1363 1869 1401 hoc
1900 1362 2098 1402 distichon
2130 1377 2194 1401 ex-

220 1432 441 1485 cipiebatur
471 1434 521 1473 ab
551 1434 619 1473 illo
651 1449 767 1474 versu

753 1508 801 1547 Ut
830 1508 945 1547 celeri
968 1522 1090 1561 passu
1115 1508 1332 1547 Cremeram
1363 1510 1516 1560 tetiqere
1544 1522 1744 1561 rapacem,

220 1578 365 1617 frustra
386 1579 695 1632 circumspicias,
727 1580 823 1632 quid
843 1581 1012 1620 moverit
1032 1595 1132 1631 eum,
1163 1587 1204 1620 ut
1223 1587 1377 1633 portam
1399 1579 1695 1620 Carmentalem
1717 1580 1778 1619 vel
1801 1579 1905 1619 viam
1934 1579 2050 1618 istam
2073 1593 2191 1632 quam

221 1650 412 1689 describit
442 1657 576 1703 portae
607 1649 875 1692 Carmentalis
912 1652 1005 1692 mali
1042 1652 1186 1692 ominis
1224 1666 1311 1692 esse
1348 1659 1386 1691 et
1415 1652 1619 1691 vitandam
1650 1652 1809 1691 diceret.
1857 1650 1900 1691 Si
1931 1652 2005 1690 hoc
2037 1651 2193 1690 volebat

220 1720 388 1761 Ovidius
419 1722 524 1775 quod
545 1723 661 1762 Livio
693 1730 852 1763 auctore
883 1725 1105 1773 constabat,
1136 1723 1282 1763 Fabios
1314 1724 1383 1762 illa
1404 1724 1468 1762 via
1488 1724 1646 1773 exiisse,
1680 1730 1784 1762 certe
1814 1724 1886 1761 Ιιασ
1915 1721 2014 1773 (via)
2039 1731 2080 1761 ut
2101 1725 2192 1761 (fre-

218 1807 364 1832 meram
392 1796 546 1846 tetiqew
575 1795 769 1834 dicturum
800 1795 923 1835 fuisse
953 1796 1091 1835 credas
1122 1793 1187 1845 (cf.
1211 1796 1246 1844 2,
1271 1794 1384 1844 393),
1417 1809 1654 1847 quamquam
1687 1802 1728 1833 ut
1755 1809 1890 1833 verum
1919 1795 2113 1833 fateamur
2142 1809 2191 1833 ne

220 1879 265 1904 eo
295 1866 454 1918 quidem
485 1866 724 1905 desiderium
756 1867 923 1918 legentis
954 1868 1050 1906 satis
1081 1867 1230 1918 expleri
1261 1866 1532 1905 concedimus:
1570 1880 1674 1905 nunc
1705 1866 1806 1904 nibil
1836 1873 1911 1916 est,
1948 1881 2025 1918 quo
2056 1874 2192 1918 portae

220 1936 446 1978 Carmentis
477 1940 624 1978 mentio
654 1940 759 1979 facta
789 1953 877 1979 cum
907 1940 963 1979 rei
994 1946 1128 1991 gestae
1160 1939 1408 1991 expositione
1438 1945 1697 1977 connectatur
1725 1952 1854 1991 neque
1884 1938 2074 1978 credibile
2104 1953 2192 1978 esse

219 2009 361 2049 aiimus
392 2017 473 2050 tam
502 2011 675 2051 laceram
705 2017 744 2050 et
773 2012 1032 2064 interruptam
1062 2010 1250 2050 narrandi
1285 2011 1427 2050 seriem
1459 2011 1653 2062 integram
1684 2017 1722 2048 et
1753 2024 1776 2048 a
1806 2010 2046 2048 dexterrimo
2077 2017 2192 2062 poeta

220 2083 280 2119 cui
318 2084 451 2121 omnia
486 2097 557 2122 suo
593 2090 728 2123 tenore
764 2085 885 2123 fluere
921 2084 1050 2123 solent
1084 2084 1300 2135 profectam
1337 2082 1481 2132 esse*).
1534 2082 1646 2130 Quae
1684 2083 1775 2120 dum
1812 2083 2002 2121 miramur
2037 2083 2192 2121 erudito

220 2153 361 2192 editori
391 2156 550 2206 probari
584 2156 769 2207 potuisse,
802 2156 1044 2195 advertimus
1074 2155 1124 2194 ab
1156 2169 1201 2194 eo
1232 2154 1330 2193 duos
1358 2168 1494 2193 versus
1526 2154 1590 2206 qui
1623 2154 1675 2192 ibi
1710 2153 1825 2204 vulgo
1856 2154 2092 2205 legebantur
2122 2169 2192 2193 suo

218 2225 411 2265 arbitratu
431 2227 671 2280 interceptos
701 2241 801 2267 esse.
846 2227 950 2267 Nam
971 2227 1090 2280 plena
1109 2227 1235 2266 oratio
1261 2227 1302 2265 in
1323 2227 1471 2265 maiore
1492 2226 1649 2278 quidem
1682 2232 1792 2278 parte
1823 2225 2003 2264 codicum
2036 2234 2195 2264 servata

218 2304 257 2335 et
285 2299 503 2350 antiquitus
536 2300 694 2351 vulgata
724 2300 821 2338 haec
851 2306 911 2339 est

679 2372 893 2411 Carmenti8
920 2380 1060 2425 portae
1088 2373 1222 2411 dextro
1254 2379 1308 2410 est
1336 2373 1399 2410 via
1424 2372 1611 2423 proxima
1640 2372 1754 2409 iano:

747 2445 809 2484 Ire
832 2459 908 2498 per
936 2445 1036 2484 hanc
1065 2444 1161 2494 noli,
1193 2445 1371 2497 quiequis
1401 2457 1457 2482 es:
1489 2457 1596 2481 omen
1626 2442 1747 2481 habet.

678 2517 754 2555 Illa
782 2516 888 2555 fama
916 2517 1036 2556 refert
1065 2516 1212 2555 Fabios
1243 2517 1373 2555 exisse
1404 2521 1614 2554 trecentos.

744 2588 863 2628 Porta
891 2594 1007 2628 vacat
1036 2588 1162 2639 culpa,
1195 2587 1263 2627 sed
1293 2583 1423 2626 tamen
1455 2601 1570 2626 omen
1601 2585 1733 2625 habet.

685 2659 733 2699 Ut
761 2661 876 2699 celeri
900 2674 1022 2713 paesu
1052 2659 1269 2698 Cremeram
1300 2660 1453 2710 tetiyere
1481 2671 1665 2710 rapacem
1695 2666 1762 2696 cet.

216 2727 268 2765 Et
298 2729 385 2780 quis
417 2744 495 2768 non
517 2732 639 2769 sentit
659 2731 721 2770 his
753 2731 900 2770 additis
922 2732 1103 2770 versibus
1125 2731 1252 2769 lucem
1275 2745 1323 2769 ex
1343 2730 1517 2768 tenebris
1538 2730 1689 2780 fulgere
1720 2737 1759 2768 et
1789 2744 1837 2768 ex
1868 2730 2011 2768 insana
2040 2730 2192 2767 ratione

215 2800 293 2837 iam
325 2800 498 2851 prudens
520 2803 693 2841 auctoris
715 2803 924 2842 consilium
952 2810 1097 2855 patere.
1143 2803 1232 2841 Non
1256 2802 1333 2840 iam
1357 2815 1468 2840 veros
1490 2815 1578 2840 esse
1609 2801 1681 2841 hos
1710 2801 1809 2840 duos
1841 2814 1978 2839 versus
2010 2800 2190 2850 dicimus,

412 2902 444 2943 ¹¹⁵)
481 2904 555 2937 Non
591 2905 762 2939 nescimus
792 2906 934 2939 Petrum
971 2916 1038 2939 non
1074 2905 1125 2938 ita
1162 2915 1240 2937 raro
1275 2904 1310 2937 in
1345 2903 1398 2937 his
1428 2903 1527 2937 libris
1559 2908 1684 2945 poetae
1714 2902 1967 2946 negligentiam
2000 2902 2192 2936 incusasse.

216 2963 310 3004 Quae
343 2963 418 2997 dum
451 2964 640 3008 diligenter
671 2970 712 3000 ut
740 2977 803 3009 par
832 2966 902 3000 fuit
926 2965 1155 3009 exsequimur,
1186 2965 1385 2999 videbamur
1417 2964 1517 2998 nobis
1542 2965 1677 3006 quidem
1702 2974 1952 3006 nonnumquam
1979 2963 2189 3006 intelligere.

215 3035 280 3058 non
305 3024 431 3058 iustam
457 3035 534 3059 esse
559 3027 871 3069 reprehensionem.
