2466 3370
1196 87 1242 125 17

687 196 903 236 (Jarmemis
927 203 1069 249 portae
1097 198 1232 237 dextro
1262 204 1318 237 est
1345 199 1410 237 via
1434 199 1623 251 proxima
1651 200 1763 238 iano.-

756 268 820 306 Ire
845 281 918 320 per
945 268 1046 306 hanc
1072 270 1168 317 noli,
1200 272 1379 321 quisquis
1408 284 1465 308 ee:
1497 284 1613 309 omen
1643 272 1775 310 habet.

689 340 768 379 Illa
784 341 906 391 fama
932 341 1050 392 refert
1077 341 1223 381 Fabios
1251 344 1374 381 exisse
1390 350 1599 382 trecentos.

752 413 877 452 Porta
905 421 1019 453 vacat
1047 413 1176 466 culpa,
1207 414 1275 453 sed
1303 421 1431 453 tamen
1460 428 1574 454 omen
1605 413 1736 465 habet,
1850 459 1856 462 ,

226 498 342 524 nemo
371 497 450 523 non
480 482 600 533 videt,
633 489 794 536 propter
822 482 991 523 eundem
1021 483 1184 524 duorum
1215 490 1552 538 pentametrorum
1581 486 1730 525 exitum
1752 486 1945 526 accidisse
1965 487 2128 526 librario
2150 488 2200 526 ab

225 557 348 596 altero
379 555 427 595 ad
459 555 625 595 alterum
655 569 765 595 omen
794 555 907 595 habet
934 540 1142 595 aberrante
1172 563 1215 595 ut
1243 557 1412 596 alterum
1448 571 1519 609 par
1555 571 1740 597 versuum
1770 559 2028 598 omitteretur.
2088 559 2199 598 Idem

225 635 356 668 autem
386 642 511 680 genus
541 628 627 666 vitii
657 633 738 666 tam
768 628 809 666 in
839 627 1057 666 Petaviano
1088 627 1223 667 codice
1253 629 1436 678 occurrit,
1467 629 1509 667 in
1535 641 1616 680 'quo
1648 631 1682 679 3,
1716 631 1795 670 395
1826 644 1879 670 ss.

685 700 811 738 Arma
838 706 990 739 movent
1012 715 1181 752 puqnae.
1211 715 1349 753 puqna
1378 707 1433 740 est
1462 701 1591 740 aliena
1620 703 1781 741 maritis.

558 772 637 811 396
748 770 913 810 Condita
943 785 1030 810 cum
1046 771 1218 821 fuerint,
1250 773 1382 824 aptius
1413 785 1523 811 omen
1552 773 1639 812 erit.

684 842 761 882 His
789 844 906 881 etiam
934 844 1105 881 coniunx
1132 845 1282 897 apicati
1308 851 1445 883 cancta
1468 844 1605 883 Dialis

751 914 924 953 Luc-ibus
953 916 1117 967 inpeoeas
1145 914 1253 954 debet
1279 915 1419 954 habere
1448 929 1588 954 comae.

689 985 822 1026 Tertia
849 1000 929 1026 nox
957 987 1132 1026 dimensa
1161 1001 1252 1027 suos
1280 986 1351 1027 ubi
1376 988 1540 1027 moverit
1565 989 1688 1041 iqnes,

311 1112 313 1114 ‚
553 1059 635 1099 400
747 1058 933 1098 Conditus
962 1073 981 1098 e
1006 1060 1172 1111 yeminis
1197 1059 1374 1113 piscibus
1402 1059 1501 1099 alter
1529 1060 1604 1099 erit

222 1134 294 1171 erit
327 1132 454 1170 forma
488 1132 550 1170 bis
585 1131 626 1170 in
657 1137 832 1170 extremo
862 1145 979 1170 versu
1009 1130 1118 1181 (396.
1140 1129 1239 1181 400)
1268 1132 1399 1184 posita
1427 1130 1537 1181 (nam
1567 1131 1669 1170 nihil
1698 1131 1749 1170 ad
1778 1131 1882 1171 hanc
1911 1146 1995 1171 rem
2026 1134 2198 1184 pertinet

221 1205 379 1243 condita
398 1211 437 1243 et
458 1204 634 1243 conditus
654 1204 695 1242 in
715 1202 857 1242 iisdem
878 1203 1060 1242 versibus
1082 1203 1221 1255 primis
1242 1200 1497 1253 collocatum)
1512 1202 1661 1242 factum
1682 1209 1743 1242 est
1761 1210 1802 1242 ut
1817 1217 1955 1243 versus
1978 1205 2197 1244 397—400

220 1275 515 1326 interciderent,
552 1275 671 1315 tertia
706 1274 864 1314 demum
901 1288 1019 1314 manu
1048 1274 1089 1313 in
1122 1274 1297 1326 margine
1327 1274 1519 1327 adscripti
1549 1273 1615 1325 (cs.
1648 1275 1772 1319 Riesii
1805 1276 1927 1328 praef.
1959 1276 2009 1315 ad
2040 1276 2079 1315 h.
2100 1276 2125 1315 1.
2158 1284 2197 1315 et

220 1346 328 1386 Petri
360 1346 461 1400 disp.
484 1347 570 1386 crit.
592 1360 629 1399 p.
655 1344 706 1397 7),
739 1360 857 1398 quam
887 1346 929 1384 in
959 1344 1188 1395 Ursiniano‚
1220 1346 1288 1397 qui
1319 1346 1356 1395 2,
1389 1346 1469 1385 279
1499 1360 1552 1385 ss.
1585 1360 1674 1384 cum
1705 1346 1803 1385 haec
1833 1347 2046 1398 vulgentur

686 1418 905 1457 Transtulit
931 1417 1122 1457 Euander
1150 1418 1346 1457 silvestria
1373 1419 1537 1457 numina
1565 1432 1712 1465 secum,-

552 1491 633 1531 280
745 1490 823 1529 Hic
851 1489 921 1528 ubi
946 1504 1050 1528 nunc
1078 1489 1171 1528 urbe
1200 1497 1265 1540 est,
1297 1497 1378 1529 tum
1407 1490 1512 1529 locus
1541 1489 1648 1529 urbis
1678 1497 1773 1530 erat.

680 1563 777 1602 Inde
806 1563 919 1601 deum
948 1562 1108 1601 colimus
1138 1562 1368 1614 devectaque
1396 1576 1510 1601 sacra
1539 1562 1743 1615 Pela89i83

743 1634 907 1674 Flamen
936 1635 990 1673 ad
1016 1634 1110 1673 haec
1137 1635 1269 1687 prisco
1298 1648 1405 1673 more
1434 1634 1570 1673 Dialis
1601 1641 1685 1673 erat

218 1721 355 1747 versus
386 1708 477 1747 281.
500 1708 578 1747 282
608 1721 686 1745 non
717 1706 880 1746 exhibet
908 1707 959 1746 ob
988 1707 1199 1759 repetitum
1230 1707 1373 1758 exiguo
1403 1707 1612 1746 intervallo
1633 1715 1718 1746 erat
1736 1708 1970 1759 praeteritos
1991 1705 2058 1757 (cf.
2082 1707 2188 1747 Petri

218 1780 318 1833 disp.
341 1779 426 1819 crit.
448 1793 485 1831 p.
510 1776 595 1829 11),·
627 1779 668 1819 in
699 1784 864 1831 utroque
892 1785 1025 1819 autem
1055 1779 1191 1819 codice
1222 1793 1271 1819 ex
1301 1780 1351 1819 iis
1381 1793 1482 1832 quae
1512 1780 1549 1829 4,
1585 1780 1663 1819 135
1684 1794 1736 1819 ss.
1768 1780 1954 1831 leguntur

538 1851 615 1890 135
656 1851 807 1889 ‘Aurea
836 1864 1051 1890 marmoreo
1081 1851 1313 1890 redimicula
1342 1851 1477 1890 solvite
1507 1851 1621 1901 collo,

738 1922 895 1961 Demite
922 1923 1101 1961 divitias:
1131 1930 1210 1961 tota
1240 1923 1412 1961 lavanda
1440 1923 1513 1962 dea
1543 1930 1606 1962 eet.

538 1996 612 2035 137
672 1995 806 2034 Aurea
833 1996 975 2034 siccato
1005 1994 1235 2034 redimicula
1263 1995 1412 2034 reddite
1442 1994 1562 2034 collo:

741 2067 860 2106 Nunc
888 2066 961 2106 alii
977 2067 1112 2118 flores,
1141 2081 1246 2105 nunc
1273 2080 1376 2106 nova
1404 2067 1539 2106 danda
1566 2079 1658 2106 rosa
1687 2074 1742 2106 est

215 2153 352 2179 versus
385 2140 571 2180 136.137
604 2138 878 2179 desiderantur
911 2138 1062 2191 origine
1098 2138 1241 2178 erroris
1277 2138 1506 2178 manifesta:
1543 2152 1669 2191 neque
1700 2144 1784 2177 erat
1813 2138 1918 2190 quod
1951 2152 2088 2178 versus
2119 2138 2186 2191 qui

213 2210 255 2249 in
290 2211 427 2263 paucis
463 2211 623 2263 quidem
659 2211 729 2250 sed
763 2211 880 2250 bonis
916 2210 1118 2249 codicibus
1149 2210 1295 2249 servati
1327 2216 1421 2249 sunt
1450 2218 1489 2249 et
1518 2224 1685 2262 quorum
1715 2211 1914 2261 elegantia
1943 2210 2186 2250 ovidianam

213 2288 339 2322 artem
371 2283 434 2322 vel
463 2283 638 2322 maxime
668 2282 835 2322 decebat
863 2282 906 2321 in
935 2281 1202 2334 suspicionem
1232 2281 1322 2321 falsi
1353 2288 1601 2321 vocarentur.

409 2353 488 2395 Sed
515 2355 590 2395 hoc
610 2354 717 2408 quod
736 2355 776 2394 in
798 2354 896 2394 duos
915 2354 1038 2393 libros
1059 2353 1125 2405 qui
1145 2353 1283 2405 optimi
1305 2353 1502 2393 habentur
1523 2353 1662 2393 cadere
1683 2353 1875 2405 videmus,
1908 2354 2008 2394 alios
2030 2368 2186 2408 quoque

212 2426 422 2467 Fastorum
453 2427 608 2468 codices
639 2426 863 2480 occupavit3
895 2426 1002 2466 velut
1031 2426 1070 2465 in
1101 2431 1214 2465 sexto

677 2499 801 2540 Terra
827 2499 935 2552 pilae
963 2498 1115 2547 similis,
1145 2497 1252 2536 nullo
1271 2497 1485 2549 fulcimine
1513 2499 1620 2549 nixa,

544 2573 625 2613 270
738 2573 839 2612 Αένε
867 2573 1031 2611 subiecto
1060 2577 1140 2610 tam
1165 2583 1285 2623 qrave
1310 2570 1453 2623 pendet
1480 2584 1592 2610 onus.

674 2645 769 2698 Ipsa
796 2643 1020 2684 volubilitas
1050 2643 1232 2682 libratum
1261 2643 1423 2681 sustinet
1451 2642 1593 2693 orbem,

739 2715 893 2768 Quique
917 2723 1073 2768 premat
1094 2722 1243 2768 partes,
1272 2715 1440 2766 anqulus
1470 2717 1594 2753 omnis
1625 2716 1741 2755 abest.

670 2788 842 2841 Cumque
869 2789 921 2827 eit
947 2789 990 2827 in
1018 2787 1146 2826 media
1174 2800 1304 2826 rerum
1332 2787 1489 2838 reqione
1519 2787 1647 2826 locata

734 2861 789 2900 Et
816 2868 954 2912 tanqat
979 2859 1131 2899 nullum
1156 2859 1293 2911 plusve
1322 2859 1496 2898 minusve
1525 2859 1647 2898 latus:

528 2931 607 2971 275
664 2931 726 2971 Ni
752 2946 922 2971 convexa
939 2931 1061 2983 foret,
1091 2932 1201 2983 parti
1226 2931 1396 2969 vicinior
1424 2938 1530 2978 esset,

734 3002 818 3043 Nec
846 3004 1015 3043 medium
1043 3010 1186 3042 terram
1214 3003 1381 3041 ‘mundus
1410 3002 1565 3042 haberet
1594 3016 1693 3043 onus
