2466 3370
1200 105 1250 143 12

233 216 290 254 ire
322 215 428 254 velit.
474 215 613 266 Neque
644 215 751 253 enim
782 222 842 254 est
872 214 978 267 quod
1008 229 1084 267 per
1118 215 1220 254 hunc
1248 215 1426 266 legamus
1458 221 1499 253 ut
1528 228 1747 267 pronomen
1777 215 1827 254 ad
1858 217 1994 254 iamim
2022 214 2214 253 referatur

234 287 301 326 sed
322 287 513 339 perhanc
535 288 637 326 viam
665 287 974 339 interpretamur
1004 287 1157 326 scilicet
1187 301 1274 326 eam
1304 301 1404 339 quae
1435 286 1574 325 dextro
1596 287 1687 326 iano
1719 287 1849 339 ducat,
1882 285 2214 340 quemadmodum

234 359 329 398 alibi
352 359 528 411 loquitur
549 357 732 409 Ovidius,
765 359 801 409 6,
825 360 906 399 604
925 359 1010 399 ibat
1027 373 1099 412 per
1118 360 1265 399 medias
1285 359 1366 398 alta
1384 359 1584 411 feroxque
1602 357 1752 409 vias*);
1784 373 1893 399 omen
1914 366 2046 398 autem
2076 358 2215 397 habere

232 430 334 469 nibil
368 430 536 469 interest
571 437 702 469 utrum
738 432 796 470 ire
826 430 981 469 dicatur
1016 445 1065 469 an
1096 433 1172 469 via.
1219 429 1298 469 Sed
1328 431 1369 468 in
1399 430 1473 468 hac
1503 430 1817 470 conformatione
1853 431 2044 470 orationis
2080 431 2214 470 statim

233 503 451 555 percipitur
482 504 672 554 proxima
706 503 866 555 planam
903 510 941 541 et
976 503 1025 541 ad
1063 502 1165 541 hanc
1202 517 1283 541 rem
1319 516 1420 553 quae
1455 502 1585 552 agitur
1621 503 1844 554 appositam
1882 503 2215 555 significationem

235 575 392 613 habere.
440 573 556 622 Quod
591 588 684 612 vero
715 588 763 612 ex
795 574 948 612 duabus
980 573 1188 612 sententiis
1218 573 1406 625 priorem,
1438 587 1515 611 non
1547 572 1683 611 addita
1713 574 1907 625 particula
1937 574 2213 624 condicionali,

235 646 407 698 protasis
437 646 525 685 loco
548 659 636 685 esse
668 645 861 694 volumus,
895 645 960 683 vix
983 651 1044 684 est
1073 644 1178 697 quod
1201 644 1334 683 dedita
1363 658 1483 697 opera
1512 643 1779 685 vindicemus:
1811 645 1910 685 adeo
1940 645 2124 698 frequens
2155 652 2216 684 est

235 717 310 757 hoc
340 731 465 769 genus
497 717 601 770 apud
632 717 737 756 hunc
767 716 1020 769 potissimum
1050 724 1225 769 poetam3
1257 716 1367 754 cuius
1390 730 1515 768 pauca
1545 716 1746 755 afferimus
1778 731 1826 755 ex
1857 717 1989 757 Fastis
2021 725 2213 770 prompta.

509 790 544 840 3,
566 789 643 829 765
703 788 781 827 Cur
809 802 908 826 anus
938 788 1009 826 lzoc
1030 788 1166 839 faciat
1195 790 1370 840 quaeris:
1402 789 1574 827 vinosior
1603 795 1709 827 aetas

766 861 875 899 Haec
905 868 977 908 est3

508 935 544 984 6,
562 934 638 972 551
698 932 777 971 Cur
804 940 899 971 vetet
928 933 1094 971 ancillas
1123 933 1300 971 accedere
1329 933 1535 983 quaeritis:
1566 933 1660 982 odit,

767 1005 1097 1057 Principiumque
1126 1005 1209 1043 odii
1236 1005 1273 1042 si
1298 1005 1404 1042 sinat
1429 1004 1502 1043 illa
1531 1019 1681 1044 canam.

509 1078 545 1127 6,
565 1077 644 1116 283
703 1079 782 1115 Cur
810 1078 861 1114 sit
890 1076 1109 1127 virqinibus
1140 1077 1294 1127 quaeris
1324 1076 1397 1114 dea
1427 1077 1530 1115 culta
1559 1078 1772 1116 ministris.-

767 1148 971 1186 Inveniam
1002 1162 1139 1186 causas
1170 1148 1242 1185 hac
1272 1161 1424 1199 quoque
1448 1156 1565 1200 parte
1594 1162 1697 1187 suas.

236 1219 302 1271 (cf.
328 1222 362 1271 l,
386 1221 482 1270 2193
505 1221 541 1270 ὗ,
565 1220 662 1270 5263
684 1219 846 1258 Metam.
869 1219 906 1270 2,
930 1219 1043 1268 512.)

508 1293 543 1342 ⁶2,
564 1292 643 1331 283
702 1292 782 1330 Cur
810 1293 936 1343 iyitur
966 1299 1126 1330 currant
1156 1299 1190 1330 et
1218 1305 1288 1329 cur
1317 1290 1392 1339 (sic
1421 1305 1576 1330 currere
1604 1306 1686 1331 mos
1716 1294 1789 1340 est)

768 1362 892 1402 Nuda
910 1362 1054 1414 ferant
1077 1364 1209 1415 posita
1239 1376 1406 1415 corpora
1436 1371 1535 1402 veste
1561 1377 1700 1416 roqas:

707 1437 794 1489 Ipse
822 1437 916 1475 deus
945 1436 1057 1475 velox
1086 1437 1303 1474 discurrere
1329 1436 1473 1487 qaudet
1509 1457 1554 1462 —

510 1510 545 1559 6,
568 1509 644 1548 169
702 1509 882 1561 Pinquia
911 1522 981 1546 cur
1010 1508 1090 1547 illis
1117 1515 1320 1560 qustentur
1349 1508 1466 1547 larda
1495 1508 1669 1547 calendis

769 1581 976 1632 Mixtaque
1006 1594 1092 1619 cum
1122 1580 1250 1619 calido
1280 1582 1329 1619 sit
1346 1580 1453 1631 faba
1471 1580 1593 1631 farre
1621 1594 1754 1633 roqas:

707 1653 848 1691 Prisca
878 1654 951 1691 dea
982 1661 1035 1691 est
1065 1653 1262 1704 aliturque
1289 1652 1384 1690 cibis
1416 1674 1463 1679 —

242 1724 322 1764 Sed
353 1725 394 1763 in
426 1725 486 1763 his
517 1725 702 1763 omnibus
733 1724 839 1775 quod
876 1724 994 1775 vulgo
1031 1724 1381 1775 interrogationem
1420 1724 1646 1775 designant,
1685 1738 1924 1776 quamquam
1961 1740 2038 1763 non
2071 1725 2219 1777 vitupe-

242 1811 393 1847 ramus,
432 1802 564 1835 tamen
600 1810 648 1834 ea
682 1810 776 1834 vera
806 1795 946 1834 harum
984 1796 1272 1834 sententiarum
1307 1803 1448 1834 natura
1481 1810 1559 1834 non
1598 1802 1675 1835 est:
1712 1795 1810 1835 haec
1844 1796 1950 1835 enim
1986 1810 2086 1848 quae
2125 1796 2221 1836 dicit

244 1870 419 1923 quaeris,
460 1870 668 1921 quaeritis,
705 1882 822 1921 royas
852 1882 931 1907 non
964 1867 1152 1907 differunt
1182 1867 1232 1907 ab
1263 1882 1308 1907 eo
1339 1867 1442 1919 quod
1473 1867 1569 1907 alibi
1600 1867 1769 1907 eundem
1800 1868 1840 1907 in
1871 1882 2031 1907 sensum
2062 1867 2221 1920 ponitur

242 1944 279 1981 si
303 1942 461 1994 quaeris

517 2014 552 2062 3,
572 2013 646 2051 183
708 2011 816 2060 Quae
834 2012 967 2062 fuerit
994 2013 1133 2060 nostri,
1165 2013 1201 2050 si
1230 2013 1399 2063 quaeris,
1428 2013 1538 2063 reqia
1567 2014 1664 2060 nati,

774 2083 919 2136 Aspice
948 2084 995 2122 de
1024 2097 1151 2121 canna
1180 2082 1509 2135 straminibusque
1538 2083 1704 2122 domum.

517 2156 553 2205 6,
572 2155 651 2193 ‘212
768 2156 815 2193 Si
843 2155 997 2193 titulum
1028 2156 1199 2207 quaeris,
1234 2154 1346 2193 Sulla
1374 2154 1555 2206 probavit
1585 2169 1694 2206 opus.

517 2229 554 2277 6,
575 2228 650 2266 767
717 2226 911 2279 Tempora
939 2229 976 2266 si
1006 2229 1141 2266 veteris
1171 2228 1328 2279 quaeris
1358 2228 1564 2266 temeraria
1592 2227 1743 2273 damni,

779 2298 946 2347 Quintus
976 2300 1024 2338 ab
1056 2307 1223 2338 extremo
1254 2313 1379 2337 mense
1408 2298 1466 2337 bis
1494 2299 1560 2338 ille
1588 2300 1683 2338 dies.

246 2372 505 2424 Eandemque
535 2371 730 2410 rationem
761 2385 854 2423 prae
885 2385 926 2410 se
956 2371 1098 2422 ferunt,
1130 2371 1172 2409 in
1203 2371 1348 2423 quibus
1370 2377 1501 2410 tamen
1531 2385 1646 2410 nemo
1668 2371 2016 2421 interrogationem
2046 2378 2168 2420 notat,

518 2445 654 2494 6,113
715 2444 819 2483 Huic
848 2444 993 2496 aliquis
1022 2446 1205 2483 iuvenum
1234 2445 1397 2482 dioeisset
1425 2446 1598 2483 amantia
1628 2443 1764 2483 verba:

781 2516 980 2555 Reddebat
1008 2517 1101 2555 tales
1128 2518 1312 2568 protinus
1342 2516 1412 2554 illa
1441 2530 1566 2555 sonos.

247 2559 313 2610 (cf.
336 2561 373 2609 4,
395 2557 507 2607 487.)

448 2668 484 2708 ·:÷)
510 2668 603 2700 Idem
628 2668 658 2708 4,
679 2667 740 2700 186
766 2668 884 2700 cervice
901 2667 1030 2709 feretur
1051 2667 1146 2700 Urbis
1164 2678 1226 2711 per
1250 2668 1368 2700 medias
1390 2668 1551 2701 exululata
1567 2669 1651 2706 vias;
1677 2668 1706 2708 2,
1724 2668 1805 2706 5533
1829 2668 1861 2707 2,
1875 2668 1936 2699 221
1953 2677 2012 2709 per
2028 2673 2099 2700 sata
2113 2679 2230 2712 perque

249 2730 317 2760 vias
327 2727 455 2769 fertur:
479 2727 587 2761 Trist.
605 2728 637 2767 5,
664 2728 692 2767 7,
714 2728 752 2759 14
766 2738 826 2770 per
840 2727 959 2759 medias
976 2728 1008 2759 in
1024 2728 1108 2770 equis
1124 2729 1207 2771 itque
1222 2728 1365 2771 reditque
1381 2728 1458 2760 vias.
1493 2728 1540 2761 Ut
1556 2727 1589 2760 in
1608 2727 1843 2770 discrepantia
1860 2726 2013 2760 codicum
2030 2727 2228 2770 ambiguum

251 2788 409 2821 videatur
432 2787 466 2820 in
493 2787 609 2820 Fastis
638 2790 666 2827 1,
693 2789 755 2820 122
779 2791 894 2820 utrum
919 2788 1004 2820 haec
1028 2792 1153 2829 poetae
1178 2788 1315 2820 tribuas

849 2848 925 2881 Cum
950 2849 1042 2882 libuit
1060 2861 1171 2892 pacem
1191 2850 1330 2893 placidis
1354 2850 1491 2882 emittere
1514 2850 1610 2889 tec-tis,

914 2909 1029 2943 Libera
1052 2920 1113 2952 per
1137 2914 1235 2944 tutas
1258 2910 1399 2943 ambulat
1419 2910 1477 2942 illa
1500 2911 1568 2942 vias

252 2980 296 3002 an
330 2970 419 3011 quod
446 2970 570 3003 Petrus
604 2980 677 3003 cum
702 2970 782 3003 aliis
812 2971 970 3012 praefert
995 2971 1107 3003 Libera
1137 2975 1324 3013 perpetuas
1348 2972 1487 3003 ambulat
1510 2972 1567 3003 illa
1590 2973 1672 3013 vias,
1704 2971 1738 3004 iu
1763 2981 1829 3012 quo
1848 2977 2018 3014 perpetuas
2040 2981 2140 3012 quam
2166 2972 2230 3005 vim

254 3032 382 3065 habere
411 3031 506 3065 dicas
530 3031 711 3065 incertum.
