2466 3370
1179 83 1229 122 18

207 194 449 234 Ursinianus
481 194 641 247 quidem
672 194 784 242 (nam
815 194 1059 235 Petavianus
1090 195 1169 233 iam
1199 196 1235 244 5,
1268 193 1320 233 24
1351 191 1515 244 desinit)
1543 193 1665 233 habet
1693 207 1832 233 versus
1864 201 2039 244 cunctos,
2071 192 2141 232 sed
2167 208 2190 232 a

206 267 344 307 multis
373 267 490 307 bonis
521 267 668 307 absunt
697 281 733 306 v.
756 267 976 308 271—276
1008 281 1087 306 non
1118 266 1196 305 alia
1231 265 1279 304 de
1310 278 1430 304 causa
1458 279 1578 318 quam
1608 265 1714 318 quod
1745 266 1990 317 geminatum
2022 278 2119 304 onus
2149 265 2189 303 in

206 341 285 378 fine
317 353 502 378 versuum
533 340 614 378 270
642 345 682 377 et
711 339 791 379 276
822 340 1007 378 librarios
1039 338 1210 390 decepit3
1247 351 1369 389 quare
1400 337 1471 376 hos
1504 352 1642 377 versus
1675 352 1770 377 casu
1801 338 1843 376 in
1873 344 1984 390 parte
2009 337 2189 376 codicum

208 412 379 451 omissos
411 412 477 463 qui
509 411 707 450 insiticios
738 424 827 450 esse
856 411 1093 460 iudicarunt,
1126 415 1231 448 certe
1260 408 1335 448 hoc
1365 415 1598 460 argumento
1629 410 1684 448 uti
1707 423 1787 448 non
1814 409 2027 449 debebant.
2073 407 2191 457 Quod

208 498 302 523 vero
332 484 373 523 in
405 483 545 523 eodem
575 489 701 533 sexto,
735 483 802 522 ubi
834 482 932 522 haec
962 482 1080 534 vulgo
1110 481 1295 532 leguntur

531 554 607 594 737
668 554 797 594 Notus
828 569 940 594 amor
973 555 1189 603 Phaedrae,
1218 561 1312 592 nota
1342 560 1397 592 eet
1424 554 1575 592 iniuria
1610 551 1765 592 Thesei:

738 627 911 667 Devovit
937 635 1072 667 natum
1102 625 1282 665 credulus
1311 624 1377 664 ille
1405 638 1529 664 suum.

672 699 765 739 Non
795 700 957 753 impune
987 699 1076 753 pius
1106 698 1260 737 iuvenis
1291 697 1494 737 Troezena
1523 698 1702 749 petebat:

547 773 626 811 740
739 772 899 811 Dividit
927 773 1130 811 obstantes
1162 777 1319 822 pectore
1350 778 1485 808 taurus
1515 784 1650 821 aquas,

675 843 849 883 Solliciti
877 852 1071 883 terrentur
1099 845 1191 895 equi
1206 843 1445 894 frustraque
1472 843 1612 881 retenti

739 915 821 954 Per
851 916 1031 968 scopulos
1060 916 1258 954 dominum
1287 914 1465 966 duraque
1493 927 1593 952 saxa
1620 913 1793 963 trahunt,

210 988 250 1026 in
282 986 425 1026 iisdem
447 986 652 1025 codicibus
673 985 758 1038 (qui
781 1001 817 1025 v.
841 986 1060 1026 271—276
1082 1001 1158 1025 non
1182 983 1347 1036 habent)
1368 985 1437 1024 sed
1460 985 1570 1024 nulla
1590 990 1727 1037 aperta
1747 998 1868 1024 causa
1888 985 2031 1024 erroris
2054 998 2191 1032 versus

213 1058 303 1098 739.
339 1059 418 1097 740
454 1057 750 1107 desiderantur,
794 1072 894 1109 quos
931 1058 1171 1097 Ursinianus
1213 1057 1332 1096 habet
1373 1063 1413 1095 et
1452 1071 1551 1108 quos
1592 1057 1733 1095 abesse
1774 1071 1890 1108 posse
1925 1057 2011 1096 sine
2047 1056 2191 1095 damno

210 1130 318 1169 Petri
355 1129 577 1168 rationibus
615 1129 779 1168 minime
815 1130 1017 1182 probatur,
1054 1129 1201 1169 indicio
1237 1143 1324 1169 esse
1359 1134 1491 1181 potest
1525 1128 1600 1168 hoc
1637 1141 1762 1180 genus
1798 1128 1885 1167 vitii
1923 1128 2042 1167 etiam
2071 1127 2192 1167 latius

210 1202 416 1253 serpsisse.
461 1199 553 1249 Quo
583 1202 711 1252 magis
743 1201 966 1241 cavendum
996 1209 1057 1241 est
1086 1216 1134 1241 ne
1165 1215 1301 1241 versus
1331 1201 1411 1240 iam
1432 1215 1479 1240 ea
1500 1200 1547 1240 de
1570 1214 1690 1240 causa
1710 1200 2020 1240 condemnemus
2042 1200 2135 1253 quia
2150 1201 2192 1239 in

210 1272 415 1312 codicibus
447 1272 510 1311 vel
541 1273 703 1325 optimis
733 1287 814 1311 non
845 1273 1041 1325 leguntur.
1088 1273 1150 1311 De
1180 1279 1315 1312 nostro
1346 1281 1476 1311 autem
1507 1272 1678 1311 disticho
1709 1272 1807 1311 illud
1838 1286 1909 1311 nos
1939 1272 2041 1310 nihil
2060 1278 2193 1311 movet

208 1344 313 1397 quod
344 1345 384 1383 in
416 1358 493 1382 uno
525 1344 660 1383 codice
691 1343 1074 1394 (Mallerstorfiensi)
1103 1345 1330 1383 hexameter
1360 1351 1514 1382 tantum
1543 1344 1690 1395 legitur
1719 1344 1867 1383 omisso
1897 1358 2013 1383 versu
2039 1344 2191 1383 minore

210 1417 280 1456 sed
311 1418 349 1456 in
382 1418 561 1468 margine
592 1417 742 1456 recenti
773 1431 895 1456 manu
935 1417 1136 1469 adscripto
1171 1423 1416 1468 pentametro
1450 1415 1556 1466 Quos
1590 1430 1720 1456 omnes
1747 1417 1885 1455 ‘misere
1911 1416 2086 1469 perdidit
2113 1431 2192 1456 una

210 1491 304 1529 dies.
351 1490 454 1528 Nam
486 1489 576 1528 huic
608 1488 769 1541 quidem
802 1488 901 1528 nihil
932 1488 1188 1528 tribuendum
1217 1496 1287 1539 est,
1325 1488 1392 1541 qui
1422 1487 1526 1527 unde
1557 1493 1738 1541 sumptus
1770 1488 1821 1527 sit
1849 1488 2048 1527 neminem
2078 1488 2190 1540 fugit.

210 1561 330 1612 Quod
360 1569 491 1601 autem
523 1561 773 1600 dimidiatum
805 1561 1007 1600 distichon
1039 1567 1243 1600 exaratum
1273 1567 1343 1612 est,
1376 1562 1415 1599 in
1446 1561 1586 1600 eodem
1616 1561 1751 1600 codice
1782 1561 1901 1599 etiam
1927 1560 2022 1599 alibi
2045 1560 2192 1612 singuli

212 1648 348 1673 versus
385 1635 468 1673 sive
506 1634 728 1673 hexametri
763 1634 909 1685 singuli
947 1634 1032 1673 sive
1068 1634 1303 1685 pentametri
1334 1633 1428 1673 casu
1466 1634 1526 1673 vel
1556 1633 1801 1685 negligentia
1835 1633 1974 1673 omissi
2004 1639 2096 1673 sunt
2124 1631 2191 1685 (cf.

209 1706 319 1745 Petri
359 1705 459 1758 disp.
482 1706 566 1744 crit.
590 1720 625 1758 p.
652 1703 732 1755 14).
793 1705 925 1754 Quam
964 1706 1015 1745 ob
1054 1720 1137 1744 rem
1173 1719 1247 1762 nos
1282 1706 1444 1744 minime
1478 1706 1693 1758 probamus
1730 1705 1885 1756 doctos,
1922 1706 1989 1758 qui
2024 1706 2191 1745 nimium

210 1778 328 1816 huius
371 1777 519 1816 codicis
564 1779 797 1817 auctoritate
843 1778 984 1817 confisi
1021 1777 1293 1816 hexametrum
1330 1777 1489 1829 quidem
1524 1776 1793 1827 retinendum,
1835 1791 1906 1829 pro
1944 1782 2191 1830 pentametro

212 1856 344 1888 autem
375 1849 534 1901 quidvis
565 1849 673 1888 aliud
705 1848 1013 1901 excogitandum
1045 1855 1222 1889 censent.
1278 1849 1404 1888 Immo
1434 1849 1523 1902 ipsa
1552 1849 1740 1889 librorum
1772 1849 1964 1888 memoria
1984 1849 2118 1900 exigit,
2150 1855 2193 1888 ut

211 1921 260 1961 de
293 1927 376 1960 toto
394 1920 576 1969 disticho,
609 1921 714 1974 quod
735 1922 924 1974 pleraque
945 1936 1037 1973 pars
1062 1922 1255 1961 bonorum
1276 1921 1447 1972 exhibet,
1479 1922 1667 1961 omittunt
1687 1921 1763 1961 duo
1784 1922 1935 1974 optimi,
1968 1928 2191 1974 quaeratur,

211 1995 314 2034 sitne
351 1994 528 2046 spurium
564 2008 613 2032 an
644 1994 694 2033 ab
726 1993 872 2033 Ovidio
904 1994 1140 2046 profectum:
1178 1993 1218 2032 id
1249 1993 1353 2046 quod
1383 1994 1462 2033 iam
1492 2000 1675 2047 putamus
1706 2001 1888 2034 constare
1917 1995 1996 2034 nisi
2026 2008 2076 2033 ex
2104 1995 2192 2046 ipso

210 2066 457 2118 argumentis
488 2066 621 2118 petitis
652 2066 916 2105 demonstrari
948 2080 1027 2105 non
1058 2080 1189 2118 posse.
1249 2063 1329 2104 Sed
1350 2066 1432 2105 eius
1453 2066 1610 2118 generis
1630 2074 1865 2117 argumenta
1884 2067 2029 2118 quibus
2050 2066 2192 2106 Petrus

211 2137 456 2177 Ovidianum
478 2152 555 2176 non
579 2152 666 2177 esse
688 2139 897 2190 probatum
916 2136 1107 2189 ivit(nam
1117 2138 1335 2177 Merkelius
1352 2138 1565 2178 identidem
1583 2141 1756 2190 ineptum
1776 2139 1945 2189 vocavit,
1971 2139 2192 2179 rationibus

211 2207 406 2262 pepercit)
437 2210 595 2249 infirma
630 2209 844 2249 admodum
882 2217 992 2250 sunt:
1030 2223 1368 2263 supervacaneum
1405 2217 1509 2249 certe
1545 2224 1649 2250 esse:
1687 2210 1792 2263 quod
1829 2211 1861 2250 si
1899 2225 2036 2251 verum
2074 2218 2192 2263 esset,

211 2282 312 2322 nihil
349 2288 481 2322 tamen
518 2289 764 2334 argueretur3
808 2290 846 2322 et
881 2297 953 2322 nos
989 2283 1135 2323 falsum
1170 2296 1258 2322 esse
1293 2283 1474 2322 evincere
1509 2283 1746 2323 studuimus.
1796 2282 1927 2322 Versu
1957 2284 2036 2323 202
2072 2298 2193 2336 prave

213 2355 275 2393 vel
305 2356 454 2407 scripto
485 2355 548 2393 vel
578 2355 779 2394 intellecto
810 2355 957 2394 factum
988 2370 1076 2395 esse
1108 2362 1151 2393 ut
1179 2354 1331 2406 aliquid
1363 2355 1411 2393 de
1440 2355 1655 2395 Fabiorum
1685 2357 1794 2395 exitu
1824 2355 2050 2395 addendum
2069 2356 2193 2396 fuisse

211 2426 451 2466 crederetur.
483 2427 539 2465 At
561 2441 652 2466 vero
674 2441 722 2466 ex
746 2441 791 2466 eo
813 2442 943 2477 versu,
965 2427 1031 2480 qui
1055 2427 1295 2466 sententiam
1311 2426 1432 2466 habet
1447 2428 1573 2479 ipsam
1590 2441 1661 2480 per
1676 2441 1719 2467 se
1738 2428 1934 2467 incertam
1954 2427 2192 2480 pendentem

212 2498 300 2549 (cur
326 2499 434 2537 enim
462 2498 538 2537 hoc
559 2498 656 2537 dicit
676 2507 792 2551 poeta
813 2501 918 2538 viam
940 2514 1056 2538 omen
1072 2496 1277 2549 haberet&
1301 2499 1334 2538 si
1351 2500 1440 2551 quis
1453 2500 1614 2551 collegit
1630 2500 1677 2539 de
1693 2499 1831 2540 Fabiis
1848 2500 2193 2552 proficiscentibus

212 2570 427 2610 dicendum
457 2570 593 2621 fuisse,
625 2584 698 2610 nec
728 2571 839 2610 illum
872 2586 991 2624 prave
1021 2571 1222 2610 intellexit
1251 2577 1290 2609 et
1319 2570 1394 2609 hoc
1424 2577 1527 2610 recte
1558 2571 1719 2623 collegit
1749 2585 1990 2624 sensumque
2011 2573 2195 2624 probavit

211 2643 461 2683 subtiliorem
493 2643 640 2683 nostris
671 2644 967 2696 interpretibus.
1014 2642 1094 2683 Sed
1125 2644 1187 2683 his
1218 2644 1463 2694 argumentis
1495 2650 1536 2683 ut
1555 2644 1655 2683 nihil
1676 2644 1856 2694 efficitur,
1889 2644 1947 2683 sic
1968 2658 2045 2696 quo
2067 2646 2193 2697 magis

211 2715 310 2754 fides
343 2715 621 2755 damnatorum
652 2729 835 2755 versuum
866 2716 1102 2767 stabiliatur,
1136 2729 1242 2755 nunc
1267 2714 1342 2754 hoc
1370 2715 1567 2767 agendum
1588 2723 1649 2756 est
1669 2723 1712 2755 ut
1732 2715 1943 2765 distichon,
1976 2716 2082 2768 quod
2104 2731 2194 2756 vere

211 2787 411 2827 affirmare
441 2787 536 2827 licet
566 2802 589 2826 a
618 2788 776 2826 nemine
808 2803 942 2827 eorum
965 2789 1029 2841 qui
1053 2788 1369 2827 condemnarunt
1386 2794 1491 2827 recte
1514 2789 1759 2829 intellectum
1776 2802 1875 2840 esse,
1901 2802 2019 2841 quam
2036 2803 2193 2829 accura-

214 2860 368 2898 tissime
400 2866 606 2899 enarretur
637 2866 798 2912 totaque
829 2861 955 2899 oratio
978 2875 1078 2913 quae
1100 2867 1288 2913 quattuor
1309 2874 1445 2900 versus
1466 2866 1574 2900 tenet
1594 2862 1651 2901 sic
1682 2868 1725 2900 ut
1744 2875 1815 2914 pai·
1835 2867 1897 2900 est
1917 2861 1956 2900 in
1980 2861 2087 2901 clara
2107 2862 2193 2902 luce

211 2938 393 2983 ponatur.
